@book{esl,
	author = {Hastie, Trevor and Tibshirani, Robert and Friedman, Jerome},
	keywords = {ml statistics},
	publisher = {Springer New York Inc.},
	series = {Springer Series in Statistics},
	title = {The Elements of Statistical Learning},
	year = 2001
}

@book{prml,
	author = {Bishop, Christopher M.},
	title = {Pattern Recognition and Machine Learning (Information Science and Statistics)},
	year = {2006},
	isbn = {0387310738},
	publisher = {Springer-Verlag New York, Inc.},
	address = {Secaucus, NJ, USA},
} 

@inproceedings{BMZ12,
	author = {Byers, John W. and Mitzenmacher, Michael and Zervas, Georgios},
	title = {Daily deals: prediction, social diffusion, and reputational ramifications},
	booktitle = {Proceedings of the fifth ACM international conference on Web search and data mining},
	series = {WSDM '12},
	year = {2012},
	isbn = {978-1-4503-0747-5},
	location = {Seattle, Washington, USA},
	pages = {543--552},
	numpages = {10},
	url = {http://doi.acm.org/10.1145/2124295.2124361},
	doi = {10.1145/2124295.2124361},
	acmid = {2124361},
	publisher = {ACM},
	address = {New York, NY, USA},
	keywords = {daily deals, reputation, social diffusion},
} 

@book{james2013introduction,
	title={An introduction to statistical learning},
	author={James, Gareth and Witten, Daniela and Hastie, Trevor and Tibshirani, Robert},
	volume={6},
	year={2013},
	publisher={Springer}
}

@book{rogers2015first,
	title={A first course in machine learning},
	author={Rogers, Simon and Girolami, Mark},
	year={2015},
	publisher={CRC Press}
}

@inproceedings{ahmed@sdm2008,
  author    = {Amr Ahmed and
               Eric P. Xing},
  title     = {Dynamic Non-Parametric Mixture Models and the Recurrent
               Chinese Restaurant Process: with Applications to Evolutionary
               Clustering},
  booktitle = {Proceedings of The Eighth SIAM International Conference on Data Mining},
  year      = {2008},
  pages     = {219-230},
}

@inproceedings{ahmed@uai2010,
  author    = {Amr Ahmed and
               Eric P. Xing},
  title     = {Timeline: A Dynamic Hierarchical Dirichlet Process Model
               for Recovering Birth/Death and Evolution of Topics in Text
               Stream},
  booktitle = {Proceedings of the 26th International Conference on Conference on Uncertainty in 
  Artificial Intelligence},
  year      = {2010},
  pages     = {20-29},
}

@article{dai@arxiv2013,
  title={Petuum: A Framework for Iterative-Convergent Distributed ML},
  author={Dai, Wei and Wei, Jinliang and Zheng, Xun and Kim, Jin Kyu and Lee, 
  Seunghak and Yin, Junming and Ho, Qirong and Xing, Eric P},
  journal={arXiv preprint arXiv:1312.7651},
  year={2013}
}

@inproceedings{ahmed@wsdm2012,
  title={Scalable inference in latent variable models},
  author={Ahmed, Amr and Aly, Moahmed and Gonzalez, Joseph and Narayanamurthy, 
  Shravan and Smola, Alexander J},
  booktitle={Proceedings of the fifth ACM international conference on Web search and 
  data mining},
  pages={123--132},
  year={2012},
  organization={ACM}
}

@inproceedings{dubey@icdm2013,
  title={A non-parametric mixture model for topic modeling over time},
  author={Dubey, Avinava and Hefny, Ahmed and Williamson, Sinead and Xing, Eric P},
  booktitle={SIAM International Conference on Data Mining},
  pages={530--538},
  year={2013},
}

@book{gilks@mcmcbook1996,
  author={Gilks, Walter R and Richardson, Sylvia and Spiegelhalter, David J},
  booktitle={Markov chain Monte Carlo in practice},
  year={1996},
  publisher={Springer},
}

@article{jordan@ml1999,
  title={An introduction to variational methods for graphical models},
  author={Jordan, Michael I and Ghahramani, Zoubin and Jaakkola, Tommi S and Saul, Lawrence K},
  journal={Machine learning},
  volume={37},
  number={2},
  pages={183--233},
  year={1999},
  publisher={Springer}
}

@article{sarkar@technometrics2003,
  title={Sequential Monte Carlo Methods in Practice},
  author={Sarkar, Pradipta},
  journal={Technometrics},
  volume={45},
  number={1},
  pages={106--106},
  year={2003},
  publisher={Taylor \& Francis}
}

@inproceedings{ahmed@aaai2013,
  title={Scalable dynamic nonparametric Bayesian models of content and users},
  author={Ahmed, Amr and Xing, Eric},
  booktitle={Proceedings of the Twenty-Third international joint conference on 
  Artificial Intelligence},
  pages={3111--3115},
  year={2013},
  organization={AAAI Press}
}

@inproceedings{ahmed@kdd2011,
  title={Scalable distributed inference of dynamic user interests for behavioral targeting},
  author={Ahmed, Amr and Low, Yucheng and Aly, Mohamed and Josifovski, Vanja and Smola, 
  Alexander J},
  booktitle={Proceedings of the 17th ACM SIGKDD international conference on Knowledge discovery 
  and data mining},
  pages={114--122},
  year={2011},
  organization={ACM}
}

@inproceedings{canini@icais2009,
  title={Online inference of topics with latent Dirichlet allocation},
  author={Canini, Kevin R and Shi, Lei and Griffiths, Thomas L},
  booktitle={International conference on artificial intelligence and statistics},
  pages={65--72},
  year={2009}
}

@book{koller@book2009,
  title={Probabilistic graphical models: principles and techniques},
  author={Koller, Daphne and Friedman, Nir},
  year={2009},
  publisher={MIT press}
}

@incollection{koren@recsysbook2011,
  title={Advances in collaborative filtering},
  author={Koren, Yehuda and Bell, Robert},
  booktitle={Recommender Systems Handbook},
  pages={145--186},
  year={2011},
  publisher={Springer}
}

@inproceedings{agarwal@kdd2009,
  title={Regression-based latent factor models},
  author={Agarwal, Deepak and Chen, Bee-Chung},
  booktitle={Proceedings of the 15th ACM SIGKDD international conference on Knowledge discovery 
  and data mining},
  pages={19--28},
  year={2009},
  organization={ACM}
}

@article{jinha@lp2010,
  title={Article 50 million: an estimate of the number of scholarly articles in existence},
  author={Jinha, Arif E},
  journal={Learned Publishing},
  volume={23},
  number={3},
  pages={258--263},
  year={2010},
  publisher={Association of Learned and Professional Society Publishers}
}

@book{knuth@book1973,
  title={Sorting and searching},
  author={Knuth, Donald E},
  journal={The art of computer programming},
  volume={3},
  year={1973},
  publisher={Addison-Wesley Professional},
}

@inproceedings{sontag@nips2011,
  title={Complexity of inference in latent dirichlet allocation},
  author={Sontag, David and Roy, Dan},
  booktitle={Advances in Neural Information Processing Systems},
  pages={1008--1016},
  year={2011}
}

@inproceedings{brand@siam2003,
  title={Fast online SVD revisions for lightweight recommender systems},
  author={Brand, Matthew},
  booktitle={Proceedings of the 3rd SIAM International Conference on Data Mining},
  pages={37--46},
  year={2003}
}

@inproceedings{yoo@kdd2009,
  title={Mining social networks for personalized email prioritization},
  author={Yoo, Shinjae and Yang, Yiming and Lin, Frank and Moon, Il-Chul},
  booktitle={Proceedings of the 15th ACM SIGKDD International Conference on Knowledge Discovery 
  and Data Mining},
  pages={967--976},
  year={2009},
}

@article{evans@rne2008,
  title={The economics of the online advertising industry},
  author={Evans, David S},
  journal={Review of network economics},
  volume={7},
  number={3},
  pages = {1--33},
  year={2008}
}

@inproceedings{pinto@ci2007,
 author = {Pinto, David and Bened\'{\i}, Jos{\'e}-Miguel and Rosso, Paolo},
 title = {{Clustering narrow-domain short texts by using the Kullback-Leibler distance}},
 booktitle = {Proceedings of the 8th International Conference on Computational Linguistics 
 and Intelligent Text Processing},
 year = {2007},
 pages = {611--622},
 numpages = {12},
} 

@inproceedings{lu@icais2010,
  title={Contextual multi-armed bandits},
  author={Lu, Tyler and P{\'a}l, D{\'a}vid and P{\'a}l, Martin},
  booktitle={International Conference on Artificial Intelligence and Statistics},
  pages={485--492},
  year={2010}
}

@article{bubeck@ml2012,
  title={Regret Analysis of Stochastic and Nonstochastic Multi-armed Bandit Problems},
  author={Bubeck, S{\'e}bastien and Cesa-Bianchi, Nicolo},
  journal={Machine Learning},
  volume={5},
  number={1},
  pages={1--122},
  year={2012}
}

@article{audibert@tcs2009,
  title={Exploration--exploitation tradeoff using variance estimates in multi-armed bandits},
  author={Audibert, Jean-Yves and Munos, R{\'e}mi and Szepesv{\'a}ri, Csaba},
  journal={Theoretical Computer Science},
  volume={410},
  number={19},
  pages={1876--1902},
  year={2009},
}

@article{jun@2004,
  title={A survey on the bandit problem with switching costs},
  author={Jun, Tackseung},
  journal={De Economist},
  volume={152},
  number={4},
  pages={513--541},
  year={2004},
}

@article{berry@biometrical1995,
  title={Bandit Problems},
  author={Berry, D. A. and B. Fristedt},
  journal={IEEE Transactions on Automatic Control},
  volume={29},
  number={20},
  pages={199--209},
  year={1995},
}

@article{kaelbling@jair1996,
  title={Reinforcement Learning: A Survey},
  author={Kaelbling, Leslie Pack and Littman, Michael L and Moore, Andrew W},
  journal={Journal of Artificial Intelligence Research},
  volume={4},
  number={1},
  pages={237--285},
  year={1996}
}

@article{billsus@umuai2000,
  title={User modeling for adaptive news access},
  author={Billsus, Daniel and Pazzani, Michael J},
  journal={User modeling and user-adapted interaction},
  volume={10},
  number={2-3},
  pages={147--180},
  year={2000},
}

@inproceedings{claypool@sigir1999,
  title={Combining content-based and collaborative filters in an online newspaper},
  author={Claypool, Mark and Gokhale, Anuja and Miranda, Tim and Murnikov, Pavel and 
  Netes, Dmitry and Sartin, Matthew},
  booktitle={Proceedings of ACM SIGIR workshop on recommender systems},
  volume={60},
  year={1999},
}

@article{balabanovic@cacm1997,
  title={Fab: content-based, collaborative recommendation},
  author={Balabanovi{\'c}, Marko and Shoham, Yoav},
  journal={Communications of the ACM},
  volume={40},
  number={3},
  pages={66--72},
  year={1997},
}

@article{pazzani@air1999,
  title={A framework for collaborative, content-based and demographic filtering},
  author={Pazzani, Michael J},
  journal={Artificial Intelligence Review},
  volume={13},
  number={5-6},
  pages={393--408},
  year={1999},
}

@inproceedings{soboroff@ijacai1999,
  title={Combining content and collaboration in text filtering},
  author={Soboroff, Ian and Nicholas, Charles},
  booktitle={Proceedings of the IJCAI},
  volume={99},
  pages={86--91},
  year={1999}
}

@article{burke@umuai2002,
  title={Hybrid recommender systems: Survey and experiments},
  author={Burke, Robin},
  journal={User modeling and user-adapted interaction},
  volume={12},
  number={4},
  pages={331--370},
  year={2002},
}

@article{barragans@is2010,
 author = {Barrag\'{a}ns-Mart\'{\i}nez, Ana Bel{\'e}n and Costa-Montenegro, Enrique and 
 Burguillo, Juan C. and Rey-L\'{o}pez, Marta and Mikic-Fonte, Fernando A. and Peleteiro, Ana},
 title = {A Hybrid Content-based and Item-based Collaborative Filtering Approach to 
 Recommend TV Programs Enhanced with Singular Value Decomposition},
 journal = {Information Sciences},
 volume = {180},
 number = {22},
 year = {2010},
 pages = {4290--4311},
}

@inproceedings{shi@recsys2012,
  title={{CLiMF}: learning to maximize reciprocal rank with collaborative less-is-more filtering},
  author={Shi, Yue and Karatzoglou, Alexandros and Baltrunas, Linas and Larson, Martha and 
  Oliver, Nuria and Hanjalic, Alan},
  booktitle={Proceedings of the 6th ACM Conference on Recommender Systems},
  pages={139--146},
  year={2012},
}

@misc{groupon@form10q2012,
    author = {{Groupon, Inc}},
    title = {{FORM 10-Q -- May 2012}},
    howpublished = 
    {\url{http://investor.groupon.com/secfiling.cfm?filingID=1490281-13-33}},
    year = {2012}
}

@misc{groupon@form8k2012,
    author = {Groupon, Inc},
    title = {{FORM 8-K -- May 2012}},
    howpublished = 
    {\url{http://investor.groupon.com/secfiling.cfm?filingid=1104659-12-33493&cik=1490281}},
    year = {2012}
}

@misc{groupon@gse2013,
    author = {Groupon, Inc},
    title = {{Groupon Statement Presentation -- 3Q13 Earnings}},
    howpublished = 
    {\url{http://files.shareholder.com/downloads/AMDA-E2NTR/2803965490x0x704836/3f006dcf-649a-4fa1-adfd-140540d6b720/3Q13_GRPN_Earnings_Slides.pdf}},
    year = {2013}
}

@inproceedings{chu@www2009,
  title={Personalized recommendation on dynamic content using predictive bilinear models},
  author={Chu, Wei and Park, Seung-Taek},
  booktitle={Proceedings of the 18th International Conference on World Wide Web},
  pages={691--700},
  year={2009},
}

@inproceedings{li@www2010,
  title={A contextual-bandit approach to personalized news article recommendation},
  author={Li, Lihong and Chu, Wei and Langford, John and Schapire, Robert E},
  booktitle={Proceedings of the 19th International Conference on World Wide Web},
  pages={661--670},
  year={2010},
}

@article{lai@aam1985,
  author =  {Lai, T. L. and Robbins, Herbert},
  title =       {Asymptotically Efficient Adaptive Allocation Rules},
  journal =   {Advances in Applied Mathematics},
  year =        {1985},
  volume =    {6},
  number =    {1},
  pages =     {4--22},
}

@incollection{vermorel@ecml2005,
  title={Multi-armed bandit algorithms and empirical evaluation},
  author={Vermorel, Joannes and Mohri, Mehryar},
  booktitle={Proceedings of the 16th European Conference on Machine Learning},
  pages={437--448},
  year={2005},
}

@inproceedings{cesa@icml1998,
  title={Finite-Time Regret Bounds for the Multiarmed Bandit Problem.},
  author={Cesa-Bianchi, Nicol{\`o} and Fischer, Paul},
  booktitle={Proceedings of the 15th International Conference on Machine Learning},
  pages={100--108},
  year={1998},
 }

@misc{yelp@yad2012,
    author = {Yelp, Inc},
    posted-at = {2012-05-09 16:44:56},
    title = {{Yelp's Academic Dataset}},
    howpublished = {{\url{http://www.yelp.com/academic\_dataset}}},
    year = {2012}
}

@inproceedings{ebrahimi@ccascr2012,
  title={SmarterDeals: a context-aware deal recommendation system based on the 
  smartercontext engine},
  author={Ebrahimi, Sahar and Villegas, Norha M and M{\"u}ller, Hausi A and Thomo, Alex},
  booktitle={Proceedings of the 2012 Conference of the Center for Advanced Studies on 
  Collaborative Research},
  pages={116--130},
  year={2012},
}

@inproceedings{bennett@kddcup2007,
  title={{The Netflix prize}},
  author={Bennett, James and Lanning, Stan},
  booktitle={Proceedings of KDD cup and workshop},
  pages={3--6},
  year={2007}
}

@inproceedings{rendle@uai2009,
  title={{BPR}: Bayesian personalized ranking from implicit feedback},
  author={Rendle, Steffen and Freudenthaler, Christoph and Gantner, Zeno and 
  Schmidt-Thieme, Lars},
  booktitle={Proceedings of the 25th Conference on Uncertainty in Artificial Intelligence},
  pages={452--461},
  year={2009},
}

@inproceedings{davidsson@cars2011,
  title={Utilizing implicit feedback and context to recommend mobile applications from first 
  use},
  author={Davidsson, Christoffer and Moritz, Simon},
  booktitle={Proceedings of the 2011 Workshop on Context-awareness in Retrieval and 
  Recommendation},
  pages={19--22},
  year={2011},
}

@inproceedings{oard@aaai1998,
  title={Implicit feedback for recommender systems},
  author={Oard, Douglas W and Kim, Jinmook and others},
  booktitle={Proceedings of the AAAI Workshop on Recommender Systems},
  pages={81--83},
  year={1998},
}

@article{kelly@sigirforum2003,
  title={Implicit feedback for inferring user preference: a bibliography},
  author={Kelly, Diane and Teevan, Jaime},
  journal={ACM SIGIR Forum},
  volume={37},
  number={2},
  pages={18--28},
  year={2003},
}

@article{deshpande@tois2004,
  title={Item-based top-n recommendation algorithms},
  author={Deshpande, Mukund and Karypis, George},
  journal={ACM Transactions on Information Systems},
  volume={22},
  number={1},
  pages={143--177},
  year={2004},
}

@article{choi@esa2012,
  title={A movie recommendation algorithm based on genre correlations},
  author={Choi, Sang-Min and Ko, Sang-Ki and Han, Yo-Sub},
  journal={Expert Systems with Applications},
  volume={39},
  number={9},
  pages={8079--8085},
  year={2012},
}

@inproceedings{morales@wsdm2012,
  title={From chatter to headlines: harnessing the real-time web for personalized news 
  recommendation},
  author={De Francisci Morales, Gianmarco and Gionis, Aristides and Lucchese, Claudio},
  booktitle={Proceedings of the 5th ACM International Conference on Web Search and Data Mining},
  pages={153--162},
  year={2012},
}

@inproceedings{koenigstein@recsys2011,
  author    = {N. Koenigstein and
               G. Dror and
               Y. Koren},
  title     = {Yahoo! music recommendations: modeling music ratings with temporal dynamics and item 
  taxonomy},
  booktitle = {Proceedings of the 5th ACM Conference on Recommender Systems},
  year      = {2011},
  pages     = {165--172}
}

@inproceedings{aizenberg@www2012,
  title={Build your own music recommender by modeling internet radio streams},
  author={Aizenberg, Natalie and Koren, Yehuda and Somekh, Oren},
  booktitle={Proceedings of the 21st International Conference on World Wide Web},
  pages={1--10},
  year={2012},
}

@article{barragans@is2010,
  title={A hybrid content-based and item-based collaborative filtering approach to 
  recommend TV programs enhanced with singular value decomposition},
  author={Barrag{\'a}ns-Mart{\'\i}nez, Ana Bel{\'e}n and Costa-Montenegro, Enrique and 
  Burguillo, Juan C and Rey-L{\'o}pez, Marta and Mikic-Fonte, Fernando A and Peleteiro, Ana},
  journal={Information Sciences},
  volume={180},
  number={22},
  pages={4290--4311},
  year={2010},
}

@inproceedings{schafer@acec1999,
  title={Recommender systems in e-commerce},
  author={Schafer, J Ben and Konstan, Joseph and Riedi, John},
  booktitle={Proceedings of the 1st ACM Conference on Electronic Commerce},
  pages={158--166},
  year={1999},
}

@book{dan@book2008,
    author = {Ariely, Dan},
    edition = {1},
    publisher = {HarperCollins},
    title = {{Predictably Irrational: The Hidden Forces That Shape Our Decisions}},
    year = {2008}
}

@article{robbins@bams1952,
  title={Some aspects of the sequential design of experiments},
  author={Robbins, Herbert},
  journal={Bulletin of the American Mathematical Society},
  volume={58},
  number={5},
  pages={527--535},
  year={1952}
}

@article{krasnova@bise2013,
  title={{``Deal of the day'' platforms: What drives consumer loyalty?}},
  author={Krasnova, Hanna and Veltri, Natasha F and Spengler, Klaus and G{\"u}nther, Oliver},
  journal={Business and Information Systems Engineering},
  pages={165--177},
  volume = {5},
  number = {3},
  year={2013},
}

@inproceedings{park@websci2012,
  title={{When daily deal services meet Twitter: understanding Twitter as a daily deal marketing 
  platform}},
  author={Park, Jaimie Y and Chung, Chin-Wan},
  booktitle={Proceedings of the 3rd Annual ACM Web Science Conference},
  pages={233--242},
  year={2012},
}

@article{farahat@corr2012,
  author = {Farahat, Ayman and Ahmed, Nesreen and Dholakia, Utpal M.},
  ee = {http://arxiv.org/abs/1211.1694},
  journal = {CoRR},
  title = {Does a Daily Deal Promotion Signal a Distressed Business? An Empirical 
  Investigation of Small Business Survival},
  url = {http://dblp.uni-trier.de/db/journals/corr/corr1211.html#abs-1211-1694},
  volume = {abs/1211.1694},
  year = {2012},
}

@article{byers@sigecom2012,
 author = {Byers, John W. and Mitzenmacher, Michael and Zervas, Georgios},
 title = {The Daily Deals Marketplace: Empirical Observations and Managerial Implications},
 journal = {SIGecom Exchanges},
 issue_date = {December 2012},
 volume = {11},
 number = {2},
 year = {2012},
 pages = {29--31},
} 

@inproceedings{li@hicss2013,
  title={Measuring Effects of Observational Learning and Social-Network Word-of-Mouth 
  (WOM) on the Sales of Daily-Deal Vouchers},
  author={Li, Xitong and Wu, Lynn},
  booktitle={Proceedings of the 46th Hawaii International Conference on System Sciences},
  pages={2908--2917},
  year={2013},
}

@article{kumar@jams2011,
  title={Social coupons as a marketing strategy: A multifaceted perspective},
  author={V. Kumar and B. Rajan},
  journal={Journal of the Academy of Marketing Science},
  volume={40},
  number={1},
  pages={120--136},
  year={2012}
}

@inproceedings{byers@cec2012,
  title={The {Groupon} Effect on {Yelp} Ratings: A Root Cause analysis},
 author = {Byers, John W. and Mitzenmacher, Michael and Zervas, Georgios},
 booktitle = {Proceedings of the 13th ACM Conference on Electronic Commerce},
 year = {2012},
 pages = {248--265},
} 

@article{byers@corr2011,
   author = {{Byers}, J.~W. and {Mitzenmacher}, M. and {Potamias}, M. and 
	{Zervas}, G.},
    title = {A Month in the Life of {Groupon}},
  journal = {arXiv preprint arXiv:1105.0903},
 keywords = {Computer Science - Social and Information Networks},
     year = {2011},
}


@article{kauffman@css2001,
  title={New buyers' arrival under dynamic pricing market microstructure: the case of 
  group-buying discounts on the Internet},
  author = {Robert J. Kauffman and Bin Wang},
    year = {2001},
    journal = {Journal of Management Information Systems},
    volume = {18},
    number = {2},
    pages = {157-188},
}

@inproceedings{dholakia@2011,
  title={How effective are {Groupon} promotions for business},
  author={U. M. Dholakia},
  year={2010},
  note={\url{http://www.ruf.rice.edu/~dholakia}},
}

@inproceedings{arabshahi@2011,
  title={Undressing {Groupon}: An analysis of the {Groupon} business model},
  author={Ahmadali Arabshahi},
  year={2011},
  note={\url{http://www.ahmadalia.com/blog/2011/01/undressing-groupon.html}},
}

@inproceedings{ye@www2012,
  title={Collective attention and the dynamics of group deals},
  author={Ye, Mao and Sandholm, Thomas and Wang, Chunyan and Aperjis, Christina and 
  Huberman, Bernardo A},
 booktitle = {Proceedings of the 21st International Conference Companion on World Wide 
 Web},
 year = {2012},
 pages = {1205--1212},
} 

@inproceedings{lappas@cikm2012,
  title={Daily-deal Selection for Revenue Maximization},
  author={Lappas, Theodoros and Terzi, Evimaria},
  booktitle = {Proceedings of the 21st ACM International Conference on Information and 
  Knowledge Management},
   year = {2012},
   pages = {565--574},
}

@inproceedings{byers@wsdm2012,
 author = {J. Byers and M. Mitzenmacher and G. Zervas},
 title = {Daily deals: prediction, social diffusion, and reputational ramifications},
 booktitle = {Proceedings of the 5th ACM International Conference on Web Search and Data Mining},
 year = {2012},
 pages = {543--552},
}

@inproceedings{lacerda@sac2014,
 author = {Lacerda, Anisio and Veloso, Adriano and Ziviani, Nivio},
 title = {Adding Value to Daily-Deals Recommendation: Matching Customers and Deals with 
 Multi-Armed Bandits},
 year = {2014}
} 

@inproceedings{agarwal@wsdm2010,
  author = {Agarwal, Deepak and Chen, Bee-Chung},
  booktitle = {Proceedings of the 3rd ACM International Conference on Web Search and Web 
  Data Mining},
  pages = {91-100},
  title = {fLDA: matrix factorization through latent dirichlet allocation.},
  year = {2010},
}

@article{lacerda@jasist2014,
  author =    {Lacerda, Anisio and Veloso, Adriano and Ziviani, Nivio},
  title =     {Improving Daily Deals Recommendation by Exploiting Preference Feedback},
  journal =   {Journal of the American Society for Information Science and Technology},
  year =      {2014},
}

@inproceedings{lacerda@wsdm2014,
 author = {Lacerda, Anisio and Veloso, Adriano and Ziviani, Nivio},
 title = {Will it Flop or Rock? Improving Deal Size Prediction by Exploiting Market Interplay and 
 Intra-Market Competition},
 year = {2014}
}

@article{ribeiro@tist2014,
  author =    {Ribeiro, Marco Tulio and Lacerda, Anisio and Moura, Edleno Silva de and Hata, 
  Itamar and Veloso, Adriano and Ziviani, Nivio},
  title =     {Multi-Objective Pareto-Efficient Approaches for Recommender Systems},
  journal =   {ACM Transactions on Intelligent Systems and Technology},
  year =      {2014},
  note =      {Accepted},
}

@inproceedings{filizola@wsdm2014,
 author = {Costa, Thales Filizola and Lacerda, Anisio and Santos, Rodrygo L. T. and Ziviani, 
 Nivio},
 title = {Exploiting Taxonomies for New Item Recommendation},
 note = {Submitted},
 year = {2014}
}

@inproceedings{lacerda@recsys2013,
 author = {Lacerda, Anisio and Veloso, Adriano and Ziviani, Nivio},
 title = {Exploratory and Interactive Daily Deals Recommendation},
 booktitle = {Proceedings of the 7th ACM Conference on Recommender Systems},
 year = {2013},
 pages = {439--442},
} 

@inproceedings{lacerda@wsdm2013,
 author = {Lacerda, Anisio and Ziviani, Nivio},
 title = {Building User Profiles to Improve User Experience in Recommender Systems},
 booktitle = {Proceedings of the 6th ACM International Conference on Web Search and Data 
 Mining (Doctoral consortium)},
 year = {2013},
 pages = {759--764},
}

@article{guimaraes@jidm2013,
  author    = {Adolfo Guimar{\~a}es and
               Thales F. Costa and
               Anisio Lacerda and
               Gisele L. Pappa and
               Nivio Ziviani},
  title     = {GUARD: A Genetic Unified Approach for Recommendation},
  journal   = {Journal of Information and Data Management},
  volume    = {4},
  number    = {3},
  year      = {2013},
  pages     = {295--310},
}

@article{shevade@TNN2000,
  title={Improvements to the {SMO} algorithm for SVM regression},
  author={Shevade, Shirish Krishnaj and Keerthi, S Sathiya and 
  Bhattacharyya, Chiranjib and Murthy, Karaturi Radha Krishna},
  journal={IEEE Transactions on Neural Networks},
  volume={11},
  number={5},
  pages={1188--1193},
  year={2000},
}

@inproceedings{menezes@www2013,
  author    = {Danilo Menezes and
               Anisio Lacerda and
               Leila Silva and
               Adriano Veloso and
               Nivio Ziviani},
  title     = {Weighted slope one predictors revisited},
  booktitle = {Proceedings of the 22nd International Conference on World Wide Web Companion (4th 
  Social Recommender Systems Workshop)},
  year      = {2013},
  pages     = {967--972},
}

@article{matos@jidm2012,
  author    = {Osvaldo Matos-Junior and
               Nivio Ziviani and
               Fabiano C. Botelho and
               Marco Cristo and
               Anisio Lacerda and
               Altigran Soares da Silva},
  title     = {Using Taxonomies for Product Recommendation},
  journal   = {Journal of Information and Data Management},
  volume    = {3},
  number    = {2},
  year      = {2012},
  pages     = {85-100},
}

@inproceedings{ribeiro@recsys2012,
  author    = {Marco T{\'u}lio Ribeiro and
               Anisio Lacerda and
               Adriano Veloso and
               Nivio Ziviani},
  title     = {Pareto-efficient hybridization for multi-objective recommender
               systems},
  booktitle = {Proceedings of the 6th ACM Conference on Recommender Systems},
  year      = {2012},
  pages     = {19--26},
}

@article{botelho@is2011,
  author    = {Fabiano C. Botelho and
               Anisio Lacerda and
               Guilherme Vale Menezes and
               Nivio Ziviani},
  title     = {Minimal perfect hashing: A competitive method for indexing
               internal memory},
  journal   = {Information Science},
  volume    = {181},
  number    = {13},
  year      = {2011},
  pages     = {2608-2625},
  ee        = {http://dx.doi.org/10.1016/j.ins.2009.12.003},
  bibsource = {DBLP, http://dblp.uni-trier.de}
}

@inproceedings{menezes@pkdd2010,
  author    = {Guilherme Vale Menezes and
               Jussara M. Almeida and
               Fabiano Bel{\'e}m and
               Marcos Andr{\'e} Gon\c{c}alves and
               Anisio Lacerda and
               Edleno Silva de Moura and
               Gisele L. Pappa and
               Adriano Veloso and
               Nivio Ziviani},
  title     = {Demand-Driven Tag Recommendation},
  booktitle = {Proceedings of the 21st European Conference on Machine Learning and Knowledge 
  Discovery in Databases},
  year      = {2010},
  pages     = {402--417},
}

@article{feng@informs2005,
  author =    {Juan Feng and Hemant Bhargava and David Pennock},
  title =     {Implementing paid placement in {W}eb search engines: computational evaluation 
  of alternative mechanisms},
  journal =   {{INFORMS} Journal on Computing},
  year =      {2007},
  volume = {19},
  number = {1},
  pages = {37-49},
}

@inproceedings{nanda@icccn2008,
  title={Localized bridging centrality for distributed network analysis},
  author={Nanda, Soumendra and Kotz, David},
  booktitle={Proceedings of 17th International Conference on Computer Communications and 
  Networks},
  pages={1--6},
  year={2008},
}

@inproceedings{li@wsdm2011,
 author = {Li, Lihong and Chu, Wei and Langford, John and Wang, Xuanhui},
 title = {Unbiased Offline Evaluation of Contextual-bandit-based News Article Recommendation 
 Algorithms},
 booktitle = {Proceedings of the 4th ACM International Conference on Web Search and Data Mining},
 year = {2011},
 pages = {297--306},
 } 

@inproceedings{kohavi@kdd2012,
  author    = {R. Kohavi and
               A. Deng and
               B. Frasca and
               R. Longbotham and
               T. Walker and
               Y. Xu},
  title     = {Trustworthy online controlled experiments: five puzzling
               outcomes explained},
  booktitle = {Proceedings of the 18th ACM International Conference on Knowledge Discovery and 
  Data Mining},
  year      = {2012},
  pages     = {786--794}
}

@inproceedings{kohavi@recsys2012,
  author    = {R. Kohavi},
  title     = {Online controlled experiments: introduction, learnings,
               and humbling statistics},
  booktitle = {Proceedings of the 6th ACM Conference on Recommender Systems},
  year      = {2012},
  pages     = {1--2}
}

@inproceedings{rodriguez@recsys2012,
  author    = {M. Rodr\'{\i}guez and
               C. Posse and
               E. Zhang},
  title     = {Multiple objective optimization in recommender systems},
  booktitle = {Proceedings of the 6th ACM Conference on Recommender Systems},
  year      = {2012},
  pages     = {11-18}
}

@article{freeman@sn1979,
  author    = {L. Freeman},
  title     = {Centrality in social networks: conceptual clarification},
  journal   = {Social Networks},
  volume    = {1},
  number    = {3}, 
  year      = {1979},
  pages     = {215--239}
}

@article{bonacich@ajs1987,
  author    = {P. Bonacich},
  title     = {Power and Centrality: A Family of Measures},
  journal   = {The American Journal of Sociology},
  volume    = {92},
  number    = {5}, 
  year      = {1987},
  pages     = {1170--1182}
}

@article{borgatti@sn2005,
  author    = {S. Borgatti},
  title     = {A Graph-Theoretic Perspective on Centrality},
  journal   = {Social Networks},
  volume    = {28},
  number = {4},
  year      = {2005},
  pages     = {466--484}
}

@InProceedings{harman96,
  author =       {D. K. Harman},
  title =        {Overview of the fourth text retrieval conference {TREC-4}},
  booktitle =    {Proceedings of the Fourth {T}ext {RE}trieval {C}onference (TREC-4)},
  year =         {1996},
  pages =        {1--24},
}

@article{watts@nature1998,
  title={Collective dynamics of ``small-world'' networks},
  author={Watts, Duncan J and Strogatz, Steven H},
  journal={Nature},
  volume={393},
  number={6684},
  pages={440--442},
  year={1998},
}

@techreport{page@tr1999,
          number = {1999-66},
           month = {November},
          author = {Lawrence Page and Sergey Brin and Rajeev Motwani and Terry Winograd},
           title = {The PageRank Citation Ranking: Bringing Order to the Web.},
            type = {Technical Report},
            year = {1999},
     institution = {Stanford InfoLab},
}

@inproceedings{figueiredo@cikm2009,
 author = {Figueiredo, Flavio and Bel{\'e}m, Fabiano and Pinto, 
 Henrique and Almeida, Jussara and Gon\c{c}alves, Marcos and 
 Fernandes, David and Moura, Edleno and Cristo, Marco},
 title = {Evidence of quality of textual features on the web 2.0},
 booktitle = {Proceedings of the 18th ACM Conference on Information and Knowledge Management},
 year = {2009},
 pages = {909--918},
} 

@inproceedings{brin@www1998,
 author = {Brin, Sergey and Page, Lawrence},
 title = {The anatomy of a large-scale hypertextual Web search engine},
 booktitle = {Proceedings of the 7th International Conference on World Wide Web},
 year = {1998},
 pages = {107--117},
}

@article{bonacich@ajs1987,
  title={Power and centrality: A family of measures},
  author={Bonacich, Phillip},
  journal={American journal of sociology},
  pages={1170--1182},
  year={1987},
}

@article{brandes@jms2001,
  title={A faster algorithm for betweenness centrality*},
  author={Brandes, Ulrik},
  journal={Journal of Mathematical Sociology},
  volume={25},
  number={2},
  pages={163--177},
  year={2001},
}

@article{freeman@jstor1977,
  title={A set of measures of centrality based on betweenness},
  author={Freeman, Linton C},
  journal={Sociometry},
  volume = {40},
  number = {1},
  pages={35--41},
  year={1977},
}

@inproceedings{tran@aaai2010,
  title={Epsilon-First Policies for Budget-Limited Multi-Armed Bandits},
  author={Tran-Thanh, Long and Chapman, Archie and Munoz De Cote Flores Luna, Jose 
  Enrique and Rogers, Alex and Jennings, Nicholas R},
  booktitle = {Proceedings of the 24th AAAI Conference on Artificial Intelligence},
  pages = {1211-1219},
  year={2010}
}

@inproceedings{goel@sigmod2006,
  title={Asking the right questions: Model-driven optimization using probes},
  author={Goel, Ashish and Guha, Sudipto and Munagala, Kamesh},
  booktitle={Proceedings of the 25th ACM SIGMOD-SIGACT-SIGART Symposium on 
  Principles of Database Systems},
  pages={203--212},
  year={2006},
}

@article{conitzer@arxiv2003,
  title={Definition and complexity of some basic metareasoning problems},
  author={Conitzer, Vincent and Sandholm, Tuomas},
  journal={arXiv preprint cs/0307017},
  year={2003}
}

@article{mohring@jacm1999,
  title={Approximation in stochastic scheduling: the power of LP-based priority policies},
  author={M{\"o}hring, Rolf H and Schulz, Andreas S and Uetz, Marc},
  journal={Journal of the ACM},
  volume={46},
  number={6},
  pages={924--942},
  year={1999}
}

@inproceedings{madani@uai2004,
  title={Active model selection},
  author={Madani, Omid and Lizotte, Daniel J and Greiner, Russell},
  booktitle={Proceedings of the 20th Conference on Uncertainty in Artificial Intelligence},
  pages={357--365},
  year={2004},
}

@inproceedings{zhao@cikm2013,
  title={Interactive Collaborative Filtering},
  author={Zhao, Xiaoxue and Zhang, Weinan and Wang, Jun},
  booktitle={Proceedings of the 22nd ACM International Conference on Information and Knowledge 
  Management},
  pages={1411--1420},
  year={2013},
}

@inproceedings{mahajan@cikm2012,
  title={LogUCB: an explore-exploit algorithm for comments recommendation},
  author={Mahajan, Dhruv Kumar and Rastogi, Rajeev and Tiwari, Charu and 
  Mitra, Adway},
  booktitle={Proceedings of the 21st ACM International Conference on Information and Knowledge 
  Management},
  pages={6--15},
  year={2012},
}

@inproceedings{li@kdd2010,
  title={Exploitation and exploration in a performance based contextual advertising system},
  author={Li, Wei and Wang, Xuerui and Zhang, Ruofei and Cui, Ying and Mao, Jianchang and Jin, 
  Rong},
  booktitle={Proceedings of the 16th ACM International Conference on Knowledge Discovery 
  and Data Mining},
  pages={27--36},
  year={2010},
}

@inproceedings{bouneffouf@nips2012,
  title={A contextual-bandit algorithm for mobile context-aware recommender 
  system},
  author={Bouneffouf, Djallel and Bouzeghoub, Amel and Gan{\c{c}}arski, Alda 
  Lopes},
  booktitle={Proceedings of the 19th International Conference on Neural Information Processing 
  Systems},
  pages={324--331},
  year={2012},
}

@inproceedings{babaioff@ec2009,
  title={Characterizing truthful multi-armed bandit mechanisms},
  author={Babaioff, Moshe and Sharma, Yogeshwer and Slivkins, Aleksandrs},
  booktitle={Proceedings of the 10th ACM conference on Electronic commerce},
  pages={79--88},
  year={2009},
}

@inproceedings{chakrabarti@nips2008,
  title={Mortal multi-armed bandits},
  author={Chakrabarti, Deepayan and Kumar, Ravi and Radlinski, Filip and Upfal, 
  Eli},
  booktitle={Advances in Neural Information Processing Systems},
  pages={273--280},
  year={2008}
}

@inproceedings{radlinski@icml2008,
  title={Learning diverse rankings with multi-armed bandits},
  author={Radlinski, Filip and Kleinberg, Robert and Joachims, Thorsten},
  booktitle={Proceedings of the 25th International Conference on Machine Learning},
  pages={784--791},
  year={2008},
}

@inproceedings{guha@stoc2007,
  title={Multi-armed bandits with limited exploration},
  author={Guha, Sudipto and Munagala, Kamesh},
  booktitle={Proceedings of the Annual Symposium on Theory of Computing},
  year={2007},
  pages={1--19},
}

@incollection{vermorel@ecml2005,
  title={Multi-armed bandit algorithms and empirical evaluation},
  author={Vermorel, Joannes and Mohri, Mehryar},
  booktitle={Machine Learning: ECML 2005},
  pages={437--448},
  year={2005},
}

@article{kuleshov@jml2010,
  title={Algorithms for the multi-armed bandit problem},
  author={Kuleshov, Volodymyr and Precup, Doina},
  journal={Journal of Machine Learning},
  note={Submitted},
  year={2010}
}

@phdthesis{watkins@phd1989,
author = {C. J. C. H. Watkins},
title = {{Learning from delayed rewards}},
year = {1989},
publisher = {Cambridge University}
}

@article{lai@atac1995,
  title={Machine learning and nonparametric bandit theory},
  author={Lai, Tze-Leung and Yakowitz, Sidney},
  journal={Automatic Control, IEEE Transactions on},
  volume={40},
  number={7},
  pages={1199--1209},
  year={1995},
}

@article{even@jmlr2006,
  title={Action elimination and stopping conditions for the multi-armed bandit 
  and 
  reinforcement learning problems},
  author={Even-Dar, Eyal and Mannor, Shie and Mansour, Yishay},
  journal={The Journal of Machine Learning Research},
  volume={7},
  pages={1079--1105},
  year={2006},
}

@article{auer@jml2002,
  title={Finite-time analysis of the multiarmed bandit problem},
  author={Auer, Peter and Cesa-Bianchi, Nicol{\`o} and Fischer, Paul},
  journal={Machine learning},
  volume={47},
  number={2-3},
  pages={235--256},
  year={2002},
}

@book{sutton@book1998,
  title={Reinforcement learning: An introduction},
  author={Sutton, Richard S and Barto, Andrew G},
  volume={1},
  number={1},
  year={1998},
  publisher={Cambridge University Press}
}

@article{boccaletti@pr2006,
  title={Complex networks: Structure and dynamics},
  author={Boccaletti, Stefano and Latora, Vito and Moreno, Yamir and Chavez, 
  Martin and 
  Hwang, D-U},
  journal={Physics reports},
  volume={424},
  number={4},
  pages={175--308},
  year={2006},
}

@article{thompson@biometrika1933,
  title={On the likelihood that one unknown probability exceeds another in view of the 
  evidence of two samples},
  author={Thompson, William R},
  journal={Biometrika},
  volume={25},
  number={3},
  pages={285--294},
  year={1963},
}

@book{neil@erd2010,
author = {Neil J. Salkind},
title = {Encyclopedia of Research Design},
date = {2010},
volume = {1},
publisher = {SAGE Publications},
pages = {1776},
year = {2010},
}

@article{basak@nip2007,
  title={Support vector regression},
  author={Basak, Debasish and Pal, Srimanta and Patranabis, Dipak Chandra},
  journal={Neural Information Processing-Letters and Reviews},
  volume={11},
  number={10},
  pages={203--224},
  year={2007}
}

@article{smola@sc2004,
  title={A tutorial on support vector regression},
  author={Smola, Alex J and Sch{\"o}lkopf, Bernhard},
 journal = {Statistics and Computing},
 issue_date = {August 2004},
 volume = {14},
 number = {3},
 year = {2004},
 pages = {199--222},
}

@inproceedings{conry@recsys2009,
  author    = {D. Conry and
               Y. Koren and
               N. Ramakrishnan},
  title     = {Recommender systems for the conference paper assignment
               problem},
  booktitle = {Proceedings of the 3rd ACM Conference on Recommender Systems},
  year      = {2009},
  pages     = {357-360}
}

@article{albert@rmp2002,
  title={Statistical mechanics of complex networks},
  author={Albert, R{\'e}ka and Barab{\'a}si, Albert-L{\'a}szl{\'o}},
  journal={Reviews of modern physics},
  volume={74},
  number={1},
  pages={47--97},
  year={2002},
}

@misc{freed@www2012,
  author = {Larry Freed and Rhonda Berg},
  title = {Daily Deal Websites and Emails Bring in New and Existing Customers for Retailers},
  howpublished = 
  "\url{http://www.foreseeresults.com/research-white-papers/_downloads/daily-deal-commentary-2012-foresee.pdf}",
  year = {2012}, 
  note = "[Online; accessed 01-November-2013]"
}

@article{shivendu@2013,
  title={Deal or No Deal?: Advertizing and Sampling Effects on Two-Sided Daily Deal 
  Platforms},
  author={Shivendu, Shivendu and Zhang, Zhe},
  journal={Advertizing and Sampling Effects on Two-Sided Daily Deal Platforms (December 
  10, 2012)},
  year={2013}
}

@article{dholakia@ssrn2012,
  title={How Businesses Fare with Daily Deals as They Gain Experience: A Multi-Time Period 
  Study of Daily Deal Performance},
  author={Dholakia, Utpal M},
  journal={Available at SSRN 2091655},
  year={2012}
}

@book{belch@mh2008,
  title={Advertising and promotion: An integrated marketing communications perspective},
  author={Belch, George E and Belch, Michael A and Kerr, Gayle F and Powell, Irene},
  year={2008},
  publisher={Mcgraw-Hill},
  pages={762}
}

@article{collard@jppm2001,
  title={Competitive Cross-Couponing: A Comparison of {French and US perspectives}},
  author={Collard, Christophe and Pustay, Michael and Roquilly, Christophe and Zardkoohi, 
  Asghar},
  journal={Journal of Public Policy and Marketing},
  pages={64--72},
  volume = {20},
  number= {1},
  year={2001},
}

@article{donnelly@jurc2012,
  title={Coupons of the 21st Century: The Golden Age of The Daily Deal Industry},
  author={Donnelly, Kathleen},
  journal={The Elon Journal of Undergraduate Research in Communications},
  pages={85},
  volume={3},
  number={2},
  year={2012},
}

@inproceedings{jordan@emnlp2007,
  author    = {Jordan L. Boyd-Graber and
               David M. Blei and
               Xiaojin Zhu},
   title = {Topic models for word sense disambiguation and token-based idiom detection},
   booktitle = {Proceedings of the 48th Annual Meeting of the Association for Computational 
   Linguistics},
   year = {2010},
   pages = {1138--1147},
  } 
  
@inproceedings{miller@iciui2003,
title={MovieLens unplugged: experiences with an occasionally connected recommender system},
author={Bradley N. Miller and Istvan Albert and Shyong K. Lam and Joseph A. Konstan and John Riedl},
booktitle={Proceedings of the 8th International Conference on Intelligent User Interfaces},
pages={263--266},
year={2003},
}

@inproceedings{Ziegler:2005wb,
author = {Cai-Nicolas Ziegler and Sean McNee and Joseph Konstan and Georg Lausen},
title = {{Improving recommendation lists through topic diversification}},
booktitle = {Proceedings of the 14th International Conference on World Wide Web},
year = {2005},
pages = {22--32},
}

@inproceedings{Bennett07thenetflix,
author = {James Bennett and Stan Lanning},
title = {The Netflix Prize},
booktitle = {Proceedings of KDD Cup and Workshop},
year = {2007},
pages = {1--6},
}

@inproceedings{Bertin-Mahieux2011,
author = {Thierry Bertin-Mahieux and Daniel P.W. Ellis and Brian Whitman and Paul Lamere},
title = {The Million Song Dataset},
booktitle = {{Proceedings of the 12th International Conference on Music Information Retrieval}},
year = {2011},
pages = {591--596},
}

@inproceedings{song:2008,
author = {Yang Song and Ziming Zhuang and Huajing Li and Qiankun Zhao and Jia Li and Wang-Chien Lee and C. Lee  Giles},
title = {Real-time automatic tag recommendation},
booktitle = {Proceedings of the 31st International ACM SIGIR Conference on Research and Development in Information Retrieval},
year = {2008},
pages = {515--522},
}

@inproceedings{sigur:2008,
author = {B\"{o}rkur Sigurbj\"{o}rnsson and Roelof van Zwol},
title = {Flickr tag recommendation based on collective knowledge},
booktitle = {Proceedings of the 17th International Conference on World Wide Web},
year = {2008},
pages = {327--336},
}

@inproceedings{sier:2009,
author = {Stefan Siersdorfer and Jose San Pedro and Mark Sanderson},
title = {Automatic video tagging using content redundancy},
booktitle = {Proceedings of the 32nd International ACM SIGIR Conference on Research and Development in Information Retrieval},
year = {2009},
pages = {395--402},
}

@article{porter1980,
author={Martin F. Porter},
year={1980},
title={An algorithm for suffix stripping},
journal = {Program},
volume={14},
number={3},
pages={130--137}
}

@inproceedings{moreira@spire2001,
  author = {Orengo, Viviane Moreira and Huyck, Christian R.},
  booktitle = {Proceedings of the 8th String Processing and Information Retrieval Symposium},
  pages = {186--193},
  year = 2001
}

@techreport{Olsson:2009wb,
author = {Fredrick Olsson},
number = {06},
title = {{A literature survey of active machine learning in the context of natural language processing}},
volume = {T2009},
year = {2009}
}

@book{mitchell@book1997,
  title={Machine learning. 1997},
  author={Mitchell, Tom M},
  journal={McGraw Hill},
  year={1997},
}

@inproceedings{menezes@pkdd10,
author = {Guilherme Menezes and Jussara Almeida and Fabiano Bel\'{e}m and Marcos Gon\c{c}alves and Anisio Lacerda and Edleno Moura and Gisele Pappa and Adriano Veloso and Nivio Ziviani},
title     = {Demand-Driven Tag Recommendation},
booktitle = {Proceedings of the 2010 European Conference on Machine Learning and Knowledge Discovery in Databases},
year      = {2010},
pages     = {402--417},
}

@inproceedings{liu:2009,
author = {Dong Liu and Xian-Sheng Hua and Linjun Yang and Meng Wang and Hong-Jiang Zhang},
title = {Tag ranking},
booktitle = {Proceedings of the 18th International Conference on World Wide Web},
year = {2009},
pages = {351--360},
}


@article{Krishnamurthy:2002un,
author = {Krishnamurthy, V},
title = {{Algorithms for optimal scheduling and management of hidden markov model sensors}},
journal = {IEEE Transactions on Signal Processing},
year = {2002},
volume = {50},
number = {6},
pages = {1382--1397},
}


@inproceedings{Karimi:2011@IRI,
author    = {Rasoul Karimi and Christoph Freudenthaler and Alexandros Nanopoulos and Lars Schmidt-Thieme},
title     = {Non-myopic active learning for recommender systems based on Matrix Factorization},
booktitle = {Proceedings of the 2011 IEEE International Conference on Information Reuse and Integration},
year      = {2011},
pages     = {299--303},
}

@inproceedings{Jin:2004@UAI,
author = {Rong Jin and Luo Si},
title = {A Bayesian approach toward active learning for collaborative filtering},
booktitle = {Proceedings of the 20th Conference on Uncertainty in Artificial Intelligence},
year = {2004},
pages = {278--285},
}

@inproceedings{hu@icdm2008,
author = {Yifan Hu and Yehuda Koren and Chris Volinsky},
booktitle = {Proceedings of the 8th IEEE International Conference on Data Mining},
pages = {263--272},
title = {{Collaborative filtering for implicit feedback datasets}},
year = {2008}
}

@inproceedings{heymann:2008,
author = {Paul Heymann and Daniel Ramage and Hector Garcia-Molina},
title = {Social tag prediction},
year = {2008},
pages = {531--538},
booktitle = {Proceedings of the 31st Annual International ACM SIGIR Conference on Research and Development in Information Retrieval},
}

@inproceedings{garg:2008,
author = {Nikhil Garg and Ingmar Weber},
title = {Personalized, interactive tag recommendation for flickr},
booktitle = {Proceedings of the 2nd ACM Conference on Recommender Systems},
year = {2008},
pages = {67--74},
}

@incollection{Elahi:2011vl,
author = {Mehdi Elahi and Valdemaras Repsys and Francesco Ricci},
chapter = {14},
pages = {160--171},
title = {{Rating elicitation strategies for collaborative filtering}},
volume = {85},
year = {2011},
booktitle = {E-Commerce and Web Technologies},
}

@article{Burke:2002wt,
author = {Robin Burke},
booktitle = {User Modeling and User-Adapted Interaction},
journal = {User Modeling and User-Adapted Interaction},
number = {4},
pages = {331--370},
title = {{Hybrid recommender systems: Survey and experiments}},
volume = {12},
year = {2002}
}

@inproceedings{Agrawal:1993@SIGMODRecords,
 author = {Rakesh Agrawal and Tomasz Imieli\'{n}ski and Arun Swami},
 title = {Mining association rules between sets of items in large databases},
 booktitle = {Proceedings of the ACM SIGMOD International Conference on Management of Data},
 year = {1993},
 pages = {207--216},
} 

@article{Srikant:1996@SIGMODRecords,
author = {Ramakrishnan Srikant and Rakesh Agrawal},
journal = {SIGMOD Records},
number = {2},
pages = {1--12},
title = {{Mining quantitative association rules in large relational tables}},
volume = {25},
year = {1996}
}

@inproceedings{agrawal@sigmod94,
  author    = {Rakesh Agrawal and
               Tomasz Imielinski and
               Arun N. Swami},
  title     = {Mining Association Rules between Sets of Items in Large
               Databases},
  booktitle = {Proceedings of the ACM SIGMOD International Conference on Management of Data},
  year      = {1993},
  pages     = {207-216}
}

@inproceedings{Boutilier:2003@CUAI,
author = {Craig Boutilier and Richard S. Zemel and Benjamin Marlin},
booktitle = {Proceedings of the 19th Annual Conference on Uncertainty in Artificial Intelligence},
pages = {98--106},
title = {{Active collaborative filtering}},
year = {2003}
}

@inproceedings{Rashid:2002@IUI,
author = {Al M. Rashid and Istvan Albert and Dan Cosley and Shyong K. Lam and Sean M. McNee and Joseph A. Konstan and John Riedl},
booktitle = {Proceedings of the 7th International Conference on Intelligent User Interfaces},
pages = {127--134},
title = {{Getting to know you: Learning new user preferences in recommender systems}},
year = {2002}
}

@inproceedings{measure1,
author = {Pang-Ning Tan and Vipin Kumar and Jaideep Srivastava},
booktitle = {Proceedings of the 8th ACM SIGKDD International Conference on Knowledge Discovery and Data Mining},
pages = {32--41},
title = {{Selecting the right interestingness measure for association patterns}},
year = {2002},
}

@inproceedings{Elahi:2011um,
author = {Mehdi Elahi and Francesco Ricci and Valdemaras Repsys},
pages = {8--18},
booktitle = {Proceedings of the International Workshop on Social Web Mining},
title = {{System-wide effectiveness of active learning in collaborative filtering}},
year = {2011}
}

@inproceedings{Karimi:2011@GFKL,
author = {Rasoul Karimi and Christoph Freudenthaler and Alexandros Nanopoulos and Lars Schmidt-Thieme},
year = {2011},
booktitle= {Proceedings of the 34th Annual Conference of the German Classification Society},
title = {Comparing Prediction Models for Active Learning in Recommender Systems},
pages = {33-41}
}

@inproceedings{Karimi:2011ti,
author    = {Rasoul Karimi and Christoph Freudenthaler and Alexandros Nanopoulos and Lars Schmidt-Thieme},
title     = {Active learning for aspect model in recommender systems},
booktitle = {Proceedings of the IEEE Symposium on Computational Intelligence and Data Mining},
year      = {2011},
pages     = {162--167},
}

@inproceedings{Harpale:2008tma,
author = {Abhay S. Harpale and Yiming Yang},
booktitle = {Proceedings of the 31st Annual International ACM SIGIR Conference on Research and Development in Information Retrieval},
pages = {91--98},
title = {{Personalized active learning for collaborative filtering}},
year = {2008}
}

@inproceedings{Kohrs:2001@ICMF01,
year = {2001},
title = {Improving collaborative filtering for new-users by smart object selection},
author = {Arnd Kohrs and Bernard Merialdo},
booktitle = {Proceedings of the International Conference on Media Futures},
pages = {269-274},
}

@inproceedings{Li:2001@ICDM,
author = {Wenmin Li and Jiawei Han and Jian Pei},
booktitle = {Proceedings of the IEEE International Conference on Data Mining},
pages = {369--376},
title = {{CMAR: Accurate and efficient classification based on multiple class-association rules}},
year = {2001}
}

@article{Lazcorreta:2008@ESA,
author = {Enrique Lazcorreta and Frederico Botella and Antonio Fern\'{a}ndez Caballero},
journal = {An International Journal in Expert Systems with Applications},
number = {3},
pages = {1422--1429},
title = {{Towards personalized recommendation by two-step modified Apriori data mining algorithm}},
volume = {35},
year = {2008}
}

@inproceedings{Veloso:2006@ICDM,
author = {Adriano Veloso and Wagner Meirar and Mohammed J. Zaki},
booktitle = {Proceedings of the 6th International Conference on Data Mining},
pages = {645--654},
title = {{Lazy Associative Classification}},
year = {2006}
}

@inproceedings{Yin:2003@SIAM,
title = {{CPAR}: Classification based on predictive association rules},
author = {Xiaoxin Yin and Jiawei Han},
year = {2003},
pages = {369--376},
booktitle = {Proceedings of the 3rd SIAM International Conference on Data Mining},
}

@inproceedings{Thabtah:2005@ACS,
author = {Fadi A Thabtah and Peter I Cowling and Y. Peng},
booktitle = {Proceedings of the 3rd ACS/IEEE International Conference on Computer Systems and Applications},
title = {{MCAR: Multi-class classification based on association rule}},
pages = {33-41},
year = {2005}
}

@inproceedings{Liu:1998@KDD,
author = {Bing Liu and Wynne Hsu and Yiming Ma},
booktitle = {Proceedings of the 4th International Conference on Knowledge Discovery and Data Mining},
pages = {80--86},
title = {Integrating classification and association rule mining},
year = {1998},
}

@article{Chi:2001@ESA,
author    = {Chi-Hoon Lee and Y.-H. Kim and Phill-Kyu Rhee},
title     = {Web personalization expert with combining collaborative filtering and association rule mining technique},
journal   = {Expert Systems With Applications},
volume    = {21},
number    = {3},
year      = {2001},
pages     = {131--137},
}

@inproceedings{Zhang:2005@CIT,
author    = {Feng Zhang and Hui-You Chang},
title = {On a hybrid rule based recommender system},
booktitle = {Proceedings of the The 5th International Conference on Computer and Information Technology},
year = {2005},
pages = {194--198},
} 

@article{Lucas:2012@ESA,
author = {Joel Pinho Lucas and Saddys Segrera and Mar\'{\i}a N. Moreno},
title = {Making use of associative classifiers in order to alleviate typical drawbacks in recommender systems},
journal = {Expert Systems With Applications},
volume = {39},
number = {1},
year = {2012},
pages = {1273--1283},
} 

@article{Chou:2010@ESA,
author = {Pao-Hua Chou and Pi-Hsiang Li and Kuang-Ku Chen and Menq-Jiun Wu},
title = {Integrating web mining and neural network for personalized e-commerce automatic service},
journal = {Expert Systems with Applications},
volume = {37},
number = {4},
year = {2010},
pages = {2898--2910},
} 

@inproceedings{Billsus:1998@ICML,
author = {Daniel Billsus and Michael J. Pazzani},
title = {Learning Collaborative Information Filters},
booktitle = {Proceedings of the 15th International Conference on Machine Learning},
year = {1998},
pages = {46--54},
} 

@inproceedings{Connor:2001@WorkshopRecSysSIGIR,
author = {Mark Connor and Jon Herlocker},
booktitle = {Proceedings of the ACM SIGIR Workshop on Recommender Systems},
title = {Clustering Items for Collaborative Filtering},
year = {2001},
pages = {23-27},
}

@article{Cheung:2003@DSS,
author = {Kwok W. Cheung and James T. Kwok and Martin H. Law and Kwok C. Tsui},
journal = {Decision Support Systems},
number = {2},
pages = {231--243},
title = {{Mining customer product ratings for personalized marketing}},
volume = {35},
year = {2003},
}

@article{Hwa:2004@CL,
author = {Rebecca Hwa},
journal = {Computational Linguistics},
number = {3},
pages = {253--276},
title = {{Sample selection for statistical parsing}},
volume = {30},
year = {2004}
}

@article{Shannon:1948@BSTJ,
author = {Shannon, C. E.},
journal = {Bell system technical journal},
title = {{A mathematical theory of communication}},
volume = {27},
year = {1948}
}

@inproceedings{Lewis:1994@ICML,
author = {David D. Lewis and Jason Catlett},
booktitle = {Proceedings of the 11th International Conference on Machine Learning},
pages = {148--156},
title = {Heterogeneous uncertainty sampling for supervised learning},
year = {1994},
}

@inproceedings{Lewis:1994@SIGIR,
author = {David D. Lewis and William A. Gale},
title = {A sequential algorithm for training text classifiers},
booktitle = {Proceedings of the 17th Annual International ACM SIGIR Conference on Research and Development in Information Retrieval},
year = {1994},
pages = {3--12},
} 

@article{drucker@anips1997,
  title={Support vector regression machines},
  author={Drucker, Harris and Burges, Chris JC and Kaufman, Linda and Smola, Alex and 
  Vapnik, Vladimir},
  journal={Advances in Neural Information Processing Systems},
  pages={155--161},
  year={1997},
 }

@article{Liu:2004kx,
author = {Ying Liu},
journal = {Journal of Chemistry Information and Computer Science},
pages = {1936--1941},
title = {{Active learning with support vector machine applied to gene expression data for cancer classification}},
volume = {44},
year = {2004}
}

@article{Zhang:2002wy,
author = {Cha Zhang and Tshan Chen},
journal = {IEEE Transactions on Multimedia},
number = {2},
pages = {260--268},
title = {{An active learning framework for content-based information retrieval}},
volume = {4},
year = {2002}
}

@inproceedings{Settles:2008tf,
author = {Burr Settlesr and Mark Craven},
title = {An analysis of active learning strategies for sequence labeling tasks},
booktitle = {Proceedings of the Conference on Empirical Methods in Natural Language Processing},
year = {2008},
pages = {1070--1079},
}

@inproceedings{Hoi:2006wa,
title = {Large-scale text categorization by batch mode active learning},
author = {Steven C. H. Hoi and Rong Jin and Michael R. Lyu},
year = {2006},
pages = {633--642},
booktitle = {Proceedings of the 15th International Conference on World Wide Web},
}

@inproceedings{Yu:2005ua,
author = {Hwanjo Yu},
title = {{SVM} selective sampling for ranking with application to data retrieval},
booktitle = {Proceedings of the 11th ACM SIGKDD International Conference on Knowledge Discovery in Data Mining},
year = {2005},
pages = {354--363},
}

@inproceedings{Dasgupta:2008th,
author = {Dasgupta, Sanjoy and Hsu, Daniel},
title = {Hierarchical sampling for active learning},
booktitle = {Proceedings of the 25th International Conference on Machine Learning},
year = {2008},
pages = {208--215},
} 

@inproceedings{Dasgupta:2006vr,
author = {Dasgupta, Sanjoy},
editor = {Weiss, Y. and Sch\"{o}lkopf, B. and Platt, J.},
booktitle = {Advances in Neural Information Processing Systems 18},
pages = {235--242},
title = {Coarse sample complexity bounds for active learning},
year = {2006},
}

@inproceedings{Seung:1992vd,
author = {H Sebastian Seung and M. Opper and Haim Sompolinsky},
booktitle = {Proceedings of the 5th Annual Workshop on Computational Learning Theory},
pages = {287--294},
title = {{Query by committee}},
year = {1992}
}

@inproceedings{Dagan:1995wm,
author = {Ido Dagan and Sean P. Engelson},
title = {Committee-Based Sampling For Training Probabilistic Classifiers},
booktitle = {Proceedings of the 12th International Conference on Machine Learning},
year = {1995},
pages = {150--157},
}

@inproceedings{Baum:1992up,
author = {Baum, EB},
title = {{Query learning can work poorly when a human oracle is used}},
booktitle = {Proceedings of International Joint Conference in Neural Networks},
year = {1992},
pages = {609--614},
}

@article{Cohn:1996ua,
author = {David A. Cohn},
title = {Neural network exploration using optimal experiment design},
journal = {Neural Networks},
volume = {9},
number = {6},
year = {1996},
pages = {1071--1083},
} 

@article{Angluin:1988tn,
author = {Angluin, Dana},
title = {Queries and Concept Learning},
journal = {Machine Learning},
volume = {2},
number = {4},
year = {1988},
pages = {319--342},
} 

@techreport{Settles:1995vo,
Author = {Burr Settles},
Institution = {University of Wisconsin--Madison},
Number = {1648},
Title = {Active Learning Literature Survey},
Type = {Computer Sciences Technical Report},
Year = {2009}
}

@article{Blumer:1989@JACM,
author = {Blumer, Anselm and Ehrenfeucht, A. and Haussler, David and Warmuth, Manfred K.},
title = {Learnability and the Vapnik-Chervonenkis dimension},
journal = {Journal of the ACM},
volume = {36},
number = {4},
year = {1989},
pages = {929--965},
} 

@book{Alpaydin:2004tk,
author = {Alpaydin, Ethem},
edition = {2nd},
howpublished = {Hardcover},
series = {Adaptive computation and machine learning},
title = {{Introduction to Machine Learning}},
year = {2010}
}

@article{BarragansMartinez:2010ud,
author = {Ana Bel\'{e}n Barrag\'{a}ns-Mart\'{\i}nez and Enrique Costa-Montenegro and Juan C. Burguillo and Marta Rey-L\'{o}pez and Fernando A. Mikic-Fonte and Ana Peleteiro},
title = {A hybrid content-based and item-based collaborative filtering approach to recommend TV programs enhanced with singular value decomposition},
journal = {Information Sciences: an International Journal},
volume = {180},
number = {22},
year = {2010},
pages = {4290--4311},
} 

@article{deCampos:2010vw,
author = {Luis M. de Campos and Juan M. Fern\'{a}ndez-Luna and Juan F. Huete and Miguel A. Rueda-Morales},
title = {Combining content-based and collaborative recommendations: A hybrid approach based on Bayesian networks},
journal = {International Journal of Approximate Reasoning},
volume = {51},
number = {7},
year = {2010},
pages = {785--799},
} 

@article{Su:2009cl,
author = {Xiaoyuan Su and Taghi M. Khoshgoftaar},
title = {A survey of collaborative filtering techniques},
journal = {Advances in Artificial Intelligence},
volume = {2009},
number = {4},
year = {2009},
pages = {1--19},
} 

@inproceedings{Basu:1998uq,
 author = {Chumki Basu and Hayn Hirsh and William Cohen},
 title = {Recommendation as classification: using social and content-based information in recommendation},
 booktitle = {Proceedings of the 15th national Conference on Artificial Intelligence},
 year = {1998},
 pages = {714--720},
} 

@inproceedings{Breese:1998wl,
author = {John S. Breese and David Heckerman and Carl Myers Kadie},
booktitle = {Proceedings of the 14th Conference on Uncertainty in Artificial Intelligence},
pages = {43--52},
title = {Empirical Analysis of Predictive Algorithms for Collaborative Filtering},
year = {1998}
}

@article{Goldberg:2001vv,
author = {Ken Goldberg and Theresa Roeder and Dhruv Gupta and Chris Perkins},
title = {Eigentaste: A constant time collaborative filtering algorithm},
journal = {Information Retrieval},
volume = {4},
number = {2},
year = {2001},
pages = {133--151},
}

@inproceedings{Pennock:2000,
author    = {David M. Pennock and Eric Horvitz and C. Lee Giles},
title     = {Social choice theory and recommender systems: Analysis of the axiomatic foundations of collaborative filtering},
booktitle = {Proceedings of the 17th National Conference on Artificial Intelligence and 20th Conference on Innovative Applications of Artificial Intelligence},
year      = {2000},
pages     = {729--734},
}

@inproceedings{Jawaheer:2010vz,
author = {Gawesh Jawaheer and Martin Szomszor and Patty Kostkova},
title = {Comparison of implicit and explicit feedback from an online music recommendation service},
booktitle = {Proceedings of the 1st International Workshop on Information Heterogeneity and Fusion in Recommender Systems},
year = {2010},
pages = {47--51},
} 

@inproceedings{Amatriain:2009tm,
 author = {Xavier Amatriain and Josep Pujol and Nuria Oliver},
 title = {I Like It... I Like It Not: Evaluating User Ratings Noise in Recommender Systems},
 booktitle = {Proceedings of the 17th International Conference on User Modeling, Adaptation, and Personalization},
 year = {2009},
 pages = {247--258},
} 

@inproceedings{Amatriain:2009vi,
author = {Xavier Amatriain and Josep M. Pujol and Nava Tintarev and Nuria Oliver},
booktitle = {Proceedings of the 3rd ACM Conference on Recommender Systems},
pages = {173--180},
title = {{Rate it again: Increasing recommendation accuracy by user re-rating}},
year = {2009}
}

@inproceedings{Amatriain:2009tg,
author = {Amatriain, Xavier and Lathia, Neal and Pujol, Josep M. and Kwak, Haewoon and Oliver, Nuria},
title = {The wisdom of the few: a collaborative filtering approach based on expert opinions from the web},
booktitle = {Proceedings of the 32nd international ACM SIGIR conference on Research and development in information retrieval},
year = {2009},
pages = {532--539},
} 

@book{recsyshandbook:2010,
editor    = {Francesco Ricci and
             Lior Rokach and
             Bracha Shapira and
             Paul B. Kantor},
title     = {Recommender Systems Handbook},
booktitle = {Recommender Systems Handbook},
year      = {2011},
}

@inproceedings{Adomavicius:2009vb,
author = {Gediminas Adomavicius and Youngok Kwon},
booktitle = {Proceedings of the 19th Workshop on Information Technology and Systems},
title = {{Toward more diverse recommendations: Item re-ranking methods for recommender systems}},
pages = {89--97},
year = {2009}
}

@article{linden@ieeec2003,
author={Greg Linden and Brent Smith and Jeremy York}, 
journal={IEEE Internet Computing}, 
title={Amazon.com recommendations: Item-to-item collaborative filtering}, 
year={2003}, 
volume={7}, 
number={1}, 
pages={76--80}, 
}

@book{baeza99modern,
  author = 	 {Baeza-Yates, Ricardo A. and Ribeiro-Neto, Berthier A.},
  title = 	 {Modern Information Retrieval},
  year = 	 {1999},
  publisher = {Addison-Wesley-Longman}
}

@book{baeza@mir2011,
  title={Modern Information Retrieval: The Concepts and Technology 
  Behind Search},
  author = 	 {Baeza-Yates, Ricardo A. and Ribeiro-Neto, Berthier A.},
  year={2011},
  publisher={Addison Wesley, second edition}
}

@inproceedings{Sarwar:2001wa,
author = {Badrul Sarwar and George Karypis and Joseph Konstan and John Reidl},
booktitle = {Proceedings of the 10th International Conference on World Wide Web},
pages = {285--295},
title = {{Item-based collaborative filtering recommendation algorithms}},
year = {2001}
} 

@inproceedings{krestel@recsys2009,
  title={Latent dirichlet allocation for tag recommendation},
  author={Krestel, Ralf and Fankhauser, Peter and Nejdl, Wolfgang},
  booktitle={Proceedings of the 3rd ACM Conference on Recommender systems},
  pages={61--68},
  year={2009},
  numpages = {8},
}

@article{Sarwar:1998tm,
author = {Sarwar, BM and Konstan, JA and Herlocker, J and Miller, B and Riedl, J},
title = {{Using filtering agents to improve prediction quality in the GroupLens research collaborative filtering system}},
journal = {Proceedings of the 1998 ACM conference on Computer supported cooperative work},
year = {1998}
}

@article{blei@jmlr2003,
 author = {Blei, David M. and Ng, Andrew Y. and Jordan, Michael I.},
 title = {{Latent Dirichlet allocation}},
 journal = {Journal of Machine Learning Research},
 volume = {3},
 year = {2003},
 number = {1},
 pages = {993--1022},
} 

@article{Hofmann:1999tu,
author = {Hofmann, T},
title = {{Latent class models for collaborative filtering}},
journal = {International Joint Conference on {\ldots}},
year = {1999}
}

@article{Fujii:1998vw,
author = {Fujii, A and Tokunaga, T and Inui, K},
title = {{Selective sampling for example-based word sense disambiguation}},
journal = {Computational Linguistics},
year = {1998}
}

@article{Anonymous:2006ve,
title = {{10.1.1.87.7862}},
year = {2006}
}

@article{Anonymous:2004vo,
title = {{p64-antonie}},
year = {2004}
}

@article{Anonymous:2006vo,
title = {{untitled}},
year = {2006}
}

@inproceedings{Golbandi:2010ve,
author = {Golbandi, N and Koren, Y},
title = {{On bootstrapping recommender systems}},
booktitle = {Proceedings of the 19th ACM {\ldots}},
year = {2010}
}

@article{Bell:2007uv,
author = {Bell, RM and Koren, Y},
title = {{The BellKor solution to the Netflix prize}},
journal = {KorBell Team's Report to Netflix},
year = {2007}
}

@inproceedings{Huang:2007uq,
author = {Huang, Z},
title = {{Selectively acquiring ratings for product recommendation}},
booktitle = {Proceedings of the ninth international conference on {\ldots}},
year = {2007}
}

@inproceedings{Lv:2011wr,
author = {Lv, Y and Moon, T and Kolari, P and Zheng, Z},
title = {{Learning to model relatedness for news recommendation}},
booktitle = {Proceedings of the 20th {\ldots}},
year = {2011}
}

@article{Abe:1998tl,
author = {Abe, N},
title = {{Query learning strategies using boosting and bagging}},
journal = {{\ldots} international conference on Machine learning},
year = {1998}
}

@article{Yu:2004wq,
author = {Yu, K and Schwaighofer, A and Tresp, V},
title = {{Probabilistic memory-based collaborative filtering}},
journal = {Knowledge and Data {\ldots}},
year = {2004}
}

@inproceedings{Rubens:2007tl,
author = {Rubens, N},
title = {{Influence-based collaborative active learning}},
booktitle = {Proceedings of the 2007 ACM conference {\ldots}},
year = {2007}
}

@inproceedings{Karimzadehgan:2011wb,
author = {Karimzadehgan, M and Li, W and Zhang, R},
title = {{A stochastic learning-to-rank algorithm and its application to contextual advertising}},
booktitle = {Proceedings of the 20th {\ldots}},
year = {2011}
}

@article{Melville:2004vq,
author = {Melville, P},
title = {{Diverse ensembles for active learning}},
journal = {{\ldots} international conference on Machine learning},
year = {2004}
}

@article{Boves:2008vz,
author = {Boves, L and Bogers, T and Van den Bosch, A},
title = {{A personalized recommender system for writing in the Internet age}},
journal = {{\ldots} 2008 Workshop on {\ldots}},
year = {2008}
}

@article{Yu:2006vt,
author = {Yu, K and Bi, J},
title = {{Active learning via transductive experimental design}},
journal = {{\ldots} international conference on Machine learning},
year = {2006}
}

@article{Zhou:2010gt,
author = {Zhou, T and Kuscsik, Z and Liu, J G and Medo, M and Wakeling, J R and Zhang, Y C},
title = {{Solving the apparent diversity-accuracy dilemma of recommender systems}},
journal = {Proceedings of the National Academy of Sciences},
year = {2010}
}

@inproceedings{Zhang:2008tt,
author = {Zhang, M},
title = {{Avoiding Monotony: Improving the Diversity of Recommendation Lists}},
booktitle = {Proceedings of the 2008 ACM Conference on Recommender Systems},
year = {2008}
}

@inproceedings{Deselaers:2009hd,
author = {Deselaers, Thomas and Gass, Tobias and Dreuw, Philippe and Ney, Hermann},
title = {{Jointly Optimising Relevance and Diversity in Image Retrieval}},
booktitle = {Proceeding of the ACM International Conference on Image and Video Retrieval},
year = {2009}
}

@inproceedings{Zhang:2009wi,
author = {Zhang, M},
title = {{Enhancing Diversity in Top-N Recommendation}},
booktitle = {Proceedings of the third ACM Conference on Recommender Systems},
year = {2009}
}

@article{Lathia10SIGIR,
author = {Lathia, N and Hailes, S and Capra, L},
title = {{Temporal diversity in recommender systems}},
journal = {Proceeding of the 33rd International ACM SIGIR Conference on Research and Development in Information Retrieval},
year = {2010}
}

@article{Adomavicius:jm,
author = {Adomavicius, Gediminas and Kwon, YoungOk},
title = {{Improving Aggregate Recommendation Diversity Using Ranking-Based Techniques}},
journal = {IEEE Transactions on Knowledge and Data Engineering}
}

@inproceedings{Zheng:2010wj,
author = {Zheng, H and Wang, D and Zhang, Q and Li, H},
title = {{Do Clicks Measure Recommendation Relevancy?: an Empirical User Study}},
booktitle = {Proceedings of the fourth ACM Conference on Recommender Systems},
year = {2010}
}

@article{Castells:wn,
author = {Castells, P and Vargas, S},
title = {{Novelty and Diversity Metrics for Recommender Systems: Choice, Discovery and Relevance}},
journal = {International Workshop on Diversity in Document Retrieval (DDR 2011) at the 33rd European Conference on Information Retrieval}
}

@inproceedings{Zhang:2010cd,
author = {Zhang, Mi and Hurley, Neil},
title = {{Niche Product Retrieval in Top-N Recommendation}},
booktitle = {Proceedings of the 2010 IEEE/WIC/ACM International Conference on Web Intelligence and Intelligent Agent Technology},
year = {2010}
}

@article{Ge:vw,
author = {Ge, M and Gedikli, F},
title = {{Placing High-Diversity Items in Top-N Recommendation Lists}},
journal = {Workshop chairs}
}

@book{Anonymous:cZHXJZsj,
title = {{Middleware 2003}},
}

@article{Carterette:2006we,
author = {Carterette, B and Allan, J},
title = {{Minimal test collections for retrieval evaluation}},
journal = {{\ldots} development in information retrieval},
year = {2006}
}

@article{StempMorlock:2009kf,
author = {Stemp-Morlock, Graeme},
title = {{Learning more about active learning}},
journal = {Communications of the ACM},
year = {2009}
}

@article{Hurley:2009uq,
author = {Hurley, N},
title = {{Statistical Modeling of Diversity in Top-N Recommender Systems}},
journal = {Proceedings of the 2009 IEEE/WIC/ACM International Joint Conference on Web Intelligence and Intelligent Agent Technology},
year = {2009}
}

@article{Baram:2004uc,
author = {Baram, Y and El-Yaniv, R},
title = {{Online choice of active learning algorithms}},
journal = {The Journal of Machine Learning {\ldots}},
year = {2004}
}

@article{Mello:2010ty,
author = {Mello, CE and Aufaure, MA},
title = {{Active learning driven by rating impact analysis}},
journal = {{\ldots} of the fourth ACM conference on {\ldots}},
year = {2010}
}

@article{Scholer:2008ul,
author = {Scholer, F. and Shokouhi, M. and Billerbeck, B. and Turpin, A.},
title = {{Using clicks as implicit judgments: Expectations versus observations}},
journal = {Advances in Information Retrieval},
year = {2008}
}

@article{Anonymous:5AtcKnox,
title = {{FurnkranzHull05}},
year = {2004}
}

@article{Osugi:2005wn,
author = {Osugi, T. and Kim, D. and Scott, S.},
title = {{Balancing exploration and exploitation: A new algorithm for active machine learning}},
journal = {Data Mining, Fifth IEEE International Conference on},
year = {2005}
}

@article{Vojnovic:2009vu,
author = {Vojnovic, M. and Cruise, J. and Gunawardena, D. and Marbach, P.},
title = {{Ranking and suggesting popular items}},
journal = {IEEE Transactions on Knowledge and Data Engineering},
year = {2009}
}

@article{Deodhar:2005tn,
author = {Deodhar, M. and Ghosh, J. and Saar-Tsechansky, M.},
title = {{Active Learning for Recommender Systems with Multiple Localized Models}},
year = {2005}
}

@article{Krause:2007we,
author = {Krause, A. and Guestrin, C.},
title = {{Nonmyopic active learning of gaussian processes: an exploration-exploitation approach}},
journal = {Proceedings of the 24th international conference on Machine learning},
year = {2007}
}

@article{Rish:2007tv,
author = {Rish, I. and Tesauro, G.},
title = {{Active collaborative prediction with maximum margin matrix factorization}},
journal = {Inform. Theory and App. Workshop},
year = {2007}
}

@article{Rubens:2011tf,
author = {Rubens, N and Sheinman, V. and Tomioka, R. and Sugiyama, M.},
title = {{Active Learning in Black-Box Settings}},
year = {2011}
}

@article{Zhang:2007ty,
author = {Zhang, W.V. and He, X. and Rey, B. and Jones, R.},
title = {{Query rewriting using active learning for sponsored search}},
journal = {Proceedings of the 30th annual international ACM SIGIR conference on Research and development in information retrieval},
year = {2007}
}

@article{Cai:2010us,
author = {Cai, X. and Bain, M. and Krzywicki, A. and Wobcke, W. and Kim, Y.S. and Compton, P. and Mahidadia, A.},
title = {{Learning Collaborative Filtering and Its Application to People to People Recommendation in Social Networks}},
journal = {Data Mining (ICDM), 2010 IEEE 10th International Conference on},
year = {2010}
}

@article{Rubens:2007tla,
author = {Rubens, N and Sugiyama, M.},
title = {{Influence-based collaborative active learning}},
journal = {Proceedings of the 2007 ACM Conference on Recommender Systems},
year = {2007}
}

@article{LuhengHe:2011uc,
author = {Luheng He, Nathan N. Liu Qiang Yang},
title = {{Active Dual Collaborative Filtering with both Item and Attribute Feedback}},
year = {2011}
}

@article{Anonymous:_Li4YF0D,
title = {{Collaborative Learning for Recommender Systems-icml01}},
year = {2011}
}

@inproceedings{Radlinski:2007bl,
author = {Radlinski, Filip and Joachims, Thorsten},
title = {{Active exploration for learning rankings from clickthrough data}},
booktitle = {KDD '07: Proceedings of the 13th ACM SIGKDD international conference on Knowledge discovery and data mining},
year = {2007}
}

@article{Karimi:2010tp,
author = {Karimi, R. and Freudenthaler, C.},
title = {{Comparing Prediction Models for Active Learning in Recommender Systems}},
journal = {{\ldots} Conference of the {\ldots}},
year = {2010}
}

@article{Abbassi:2009vb,
author = {Abbassi, Z. and Amer-Yahia, S and Lakshmanan, L.V.S. and Vassilvitskii, S. and Yu, C},
title = {{Getting recommender systems to think outside the box}},
journal = {Proceedings of the third ACM Conference on Recommender Systems},
year = {2009}
}



@inproceedings{murphy@uai1999,
  title={Loopy belief propagation for approximate inference: An empirical study},
  author={Murphy, Kevin P and Weiss, Yair and Jordan, Michael I},
  booktitle={Proceedings of the Fifteenth conference on Uncertainty in artificial intelligence},
  pages={467--475},
  year={1999},
  organization={Morgan Kaufmann Publishers Inc.}
}

@article{Karimi:2011tia,
author = {Karimi, R. and Freudenthaler, C. and Nanopoulos, A and Schmidt-Thieme, L},
title = {{Active learning for aspect model in recommender systems}},
journal = {Computational Intelligence and Data Mining (CIDM), 2011 IEEE Symposium on},
year = {2011}
}

@article{Kutty:2009ve,
author = {Kutty, S. and Yu, F.},
title = {{Recommendations and Predictions With ϵt-greedy Active Learning}},
year = {2009}
}

@article{Rashid:2008vk,
author = {Rashid, A.M. and Karypis, G and Riedl, J},
title = {{Learning preferences of new users in recommender systems: an information theoretic approach}},
journal = {ACM SIGKDD Explorations Newsletter},
year = {2008}
}

@article{Krishnan:2008tj,
author = {Krishnan, V and Narayanashetty, PK and Nathan, M and Davies, RT and Konstan, JA},
title = {{Who predicts better?: results from an online study comparing humans and an online recommender system}},
journal = {Proceedings of the 2008 ACM Conference on Recommender Systems},
year = {2008}
}

@article{Jijkoun:2008vh,
author = {Jijkoun, V and Khalid, MA and Marx, M and de Rijke, M},
title = {{Named entity normalization in user generated content}},
journal = {Proceedings of the second workshop on Analytics for noisy unstructured text data},
year = {2008}
}

@article{das@www2007,
author = {Das, AS and Datar, M and Garg, A and Rajaram, S},
title = {{Google news personalization: scalable online collaborative filtering}},
journal = {Proceedings of the 16th international conference on World Wide Web},
year = {2007},
pages = {271--280},
}

@article{Deshpande:2004tk,
author = {Deshpande, M and Karypis, G},
title = {{Item-based top-n recommendation algorithms}},
journal = {ACM Transactions on Information Systems (TOIS)},
year = {2004}
}

@article{Belkin:1992tx,
author = {Belkin, Nicholas J and Croft, W Bruce},
title = {{Information Filtering and Information Retrieval: Two Sides of the Same Coin?}},
journal = {Communications of the ACM},
year = {1992}
}

@article{Fabret:2001vk,
author = {Fabret, Fran{\c c}oise and Jacobsen, H and Llirbat, Fran{\c c}ois and Pereira, Jo{\u a}o and Ross, Kenneth and Shasha, Dennis},
title = {{Filtering Algorithms and Implementation for Very Fast Publish/Subscribe Systems}},
journal = {Proceedings of the 2001 ACM SIGMOD International Conference on Management of Data},
year = {2001}
}

@article{McDonald:2000tv,
author = {McDonald, DW and Ackerman, MS},
title = {{Expertise recommender: a flexible recommendation system and architecture}},
journal = {Proceedings of the 2000 ACM conference on Computer supported cooperative work},
year = {2000}
}

@article{Cosley:2007wp,
author = {Cosley, D and Frankowski, D and Terveen, L and Riedl, J},
title = {{SuggestBot: using intelligent task routing to help people find work in wikipedia}},
journal = {Proceedings of the 12th international conference on Intelligent user interfaces},
year = {2007}
}

@article{Medelyan:2008ta,
author = {Medelyan, O and Witten, IH and Milne, D},
title = {{Topic indexing with Wikipedia}},
journal = {Proceedings of the AAAI WikiAI workshop},
year = {2008}
}

@article{Middleton:2004wo,
author = {Middleton, SE and Shadbolt, NR and De Roure, DC},
title = {{Ontological user profiling in recommender systems}},
journal = {ACM Transactions on Information Systems (TOIS)},
year = {2004}
}

@article{Muhl:2002wq,
author = {Muhl, G and Fiege, L and Buchmann, A},
title = {{Filter similarities in content-based publish/subscribe systems}},
journal = {Lecture notes in computer science},
year = {2002}
}

@article{AmerYahia:2009vf,
author = {Amer-Yahia, S and Huang, J and Yu, C},
title = {{Building community-centric information exploration applications on social content sites}},
journal = {Proceedings of the 35th SIGMOD international conference on Management of data},
year = {2009}
}

@article{Ding:2005vt,
author = {Ding, Y and Li, X},
title = {{Time weight collaborative filtering}},
journal = {Proceedings of the 14th ACM international conference on Information and knowledge management},
year = {2005}
}

@article{Muhl:2002um,
author = {M{\"u}hl, G and Fiege, L and G{\"a}rtner, FC and Buchmann, A},
title = {{Evaluating advanced routing algorithms for content-based publish/subscribe systems}},
journal = {The Tenth IEEE/ACM International Symposium on Modeling, Analysis and Simulation of Computer and Telecommunication Systems (MASCOTS 2002)},
year = {2002}
}

@article{Guting:1994us,
author = {G{\"u}ting, Ralf},
title = {{An introduction to spatial database systems}},
journal = {The VLDB Journal --- The International Journal on Very Large Data Bases},
year = {1994}
}

@article{Lee:2007uz,
author = {Lee, TY},
title = {{Needs-based analysis of online customer reviews}},
journal = {Proceedings of the ninth international conference on Electronic commerce},
year = {2007}
}

@article{Bridge:2007wb,
author = {Bridge, D and Ricci, F},
title = {{Supporting product selection with query editing recommendations}},
journal = {Proceedings of the 2007 ACM Conference on Recommender Systems},
year = {2007}
}

@article{Huang:2009ua,
author = {Huang, WC and Trotman, A and Geva, S},
title = {{The importance of manual assessment in link discovery}},
journal = {Proceedings of the 32nd international ACM SIGIR conference on Research and development in information retrieval},
year = {2009}
}

@article{Ding:2008vj,
author = {Ding, S and Zhao, S and Yuan, Q and Zhang, X and Fu, R and Bergman, L},
title = {{Boosting collaborative filtering based on statistical prediction errors}},
journal = {Proceedings of the 2008 ACM Conference on Recommender Systems},
year = {2008}
}

@article{Rich:1979wm,
author = {Rich, Elaine},
title = {{User Modeling via Stereotypes}},
journal = {Cognitive Science},
year = {1979}
}

@article{Shani:2008wp,
author = {Shani, G and Chickering, M and Meek, C},
title = {{Mining recommendations from the web}},
journal = {Proceedings of the 2008 ACM Conference on Recommender Systems},
year = {2008}
}

@article{Celma:2008vl,
author = {Celma, {\`O} and Lamere, P},
title = {{If you like the beatles you might like...: a tutorial on music recommendation}},
journal = {Proceeding of the 16th ACM international conference on Multimedia},
year = {2008}
}

@article{Palme:1998vc,
author = {Palme, J},
title = {{Information filtering}},
journal = {Proceedings of ITS98 Conference},
year = {1998}
}


@article{Kwon:2008td,
author = {Kwon, YO},
title = {{Improving top-n recommendation techniques using rating variance}},
journal = {Proceedings of the 2008 ACM Conference on Recommender Systems},
year = {2008}
}

@article{Balabanovic:1997ti,
author = {Balabanovi{\'c}, Marko and Shoham, Yoav},
title = {{Fab: content-based, collaborative recommendation}},
journal = {Communications of the ACM},
year = {1997}
}

@article{Medelyan:2009ts,
author = {Medelyan, O and Milne, D and Legg, C and Witten, IH},
title = {{Mining meaning from Wikipedia}},
journal = {International Journal of Human-Computer Studies},
year = {2009}
}

@article{Zhu:2009uk,
author = {Zhu, Jun and Nie, Zaiqing and Liu, Xiaojiang and Zhang, Bo and Wen, Ji-Rong},
title = {{StatSnowball: a statistical approach to extracting entity relationships}},
journal = {WWW '09: Proceedings of the 18th international conference on World wide web},
year = {2009}
}

@article{Milne:2009wb,
author = {Milne, D},
title = {{An open-source toolkit for mining Wikipedia}},
journal = {Proc. New Zealand Computer Science Research Student Conf., NZCSRSC},
year = {2009}
}

@article{adomavicius@tkde2005,
  title={Toward the next generation of recommender systems: A survey of the 
  state-of-the-art and possible extensions},
  author={Adomavicius, Gediminas and Tuzhilin, Alexander},
  journal={IEEE Transactions on Knowledge and Data Engineering},
  volume={17},
  number={6},
  pages={734--749},
  year={2005},
}

@article{Aguilera:1999wo,
author = {Aguilera, Marcos and Strom, Robert and Sturman, Daniel and Astley, Mark and Chandra, Tushar},
title = {{Matching events in a content-based subscription system}},
journal = {Proceedings of the Eighteenth Annual ACM symposium on Principles of Distributed Computing},
year = {1999}
}

@article{Furche:2003wq,
author = {Furche, Tim},
title = {{Optimizing Multiple Queries against XML Streams}},
journal = {Diploma thesis},
year = {2003}
}

@article{Peng:2009tf,
author = {Peng, TC and Seng-cho, TC},
title = {{iTrustU: a blog recommender system based on multi-faceted trust and collaborative filtering}},
journal = {Proceedings of the 2009 ACM symposium on Applied Computing},
year = {2009}
}

@article{Morita:1994uc,
author = {Morita, M and Shinoda, Y},
title = {{Information filtering based on user behavior analysis and best match text retrieval}},
journal = {Proceedings of the 17th annual international ACM SIGIR conference on Research and development in information retrieval},
year = {1994}
}

@article{Yildirim:2008vy,
author = {Yildirim, H and Krishnamoorthy, MS},
title = {{A random walk method for alleviating the sparsity problem in collaborative filtering}},
journal = {Proceedings of the 2008 ACM Conference on Recommender Systems},
year = {2008}
}

@article{Anand:2007ws,
author = {Anand, SS and Mobasher, B},
title = {{Introduction to intelligent techniques for Web personalization}},
journal = {ACM Transactions on Internet Technology (TOIT)},
year = {2007}
}

@article{Muhl:2002p39,
author = {hl, Gero Mu and Fiege, Ludger and rtner, Felix C Ga and Buchmann, Alejandro},
title = {{Evaluating Advanced Routing Algorithms for Content-Based Publish/Subscribe Systems }},
journal = {Proceedings of the 10th IEEE International Symposium on Modeling, Analysis, and Simulation of Computer and Telecommunications Systems},
year = {2002}
}

@article{Herlocker:2004vc,
author = {Herlocker, Jonathan and Konstan, Joseph and Terveen, Loren and Riedl, John},
title = {{Evaluating Collaborative Filtering Recommender Systems}},
journal = {ACM Transactions on Information Systems},
year = {2004}
}

@article{Schenkel:2008vx,
author = {Schenkel, R and Crecelius, T and Kacimi, M and Michel, S and Neumann, T and Parreira, JX and Weikum, G},
title = {{Efficient top-k querying over social-tagging networks}},
journal = {Proceedings of the 31st annual international ACM SIGIR conference on Research and development in information retrieval},
year = {2008}
}

@article{Ramasubramanian:2006uv,
author = {Ramasubramanian, V and Peterson, R and Sirer, EG},
title = {{Corona: A high performance publish-subscribe system for the world wide web}},
journal = {Proceedings of Networked System Design and Implementation (NSDI)},
year = {2006}
}

@article{Babcock:2002vb,
author = {Babcock, Brian and Babu, Shivnath and Datar, Mayur and Motwani, Rajeev and Widom, Jennifer},
title = {{Models and Issues in Data Stream Systems}},
journal = {ACM SIGMOD-SIGACT-SIGART Symposium on Principles of Database Systems},
year = {2002}
}

@article{Mihalcea:2007vt,
author = {Mihalcea, R},
title = {{Using wikipedia for automatic word sense disambiguation}},
journal = {Proceedings of NAACL HLT},
year = {2007}
}

@article{Gardner:2009uq,
author = {Gardner, J and Krowne, A and Xiong, L},
title = {{NNexus: An automatic linker for collaborative web-based corpora}},
journal = {IEEE Transactions on Knowledge and Data Engineering},
year = {2009}
}

@article{Resnick:1997up,
author = {Resnick, P and Varian, HR},
title = {{Recommender systems}},
journal = {Communications of the ACM},
volume={40},
pages={56--58},
number={3},
year = {1997}
}

@article{Drumond:2007ua,
author = {Drumond, L and Girardi, R and Leite, A},
title = {{Architectural design of a multi-agent recommender system for the legal domain}},
journal = {Proceedings of the 11th international conference on Artificial intelligence and law},
year = {2007}
}

@article{Campailla:2001ty,
author = {Campailla, A and Chaki, S and Clarke, E and Jha, S and Veith, H},
title = {{Efficient filtering in publish-subscribe systems using binary decision diagrams}},
journal = {Proceedings of the 23rd International Conference on Software Engineering},
year = {2001}
}

@article{Wetzker:2009vj,
author = {Wetzker, R and Umbrath, W and Said, A},
title = {{A hybrid approach to item recommendation in folksonomies}},
journal = {Proceedings of the WSDM'09 Workshop on Exploiting Semantic Annotations in Information Retrieval},
year = {2009}
}

@article{Abadi:2003kv,
author = {Abadi, Daniel and Carney, Don and {\c C}etintemel, Ugur and Cherniack, Mitch and Convey, Christian and Lee, Sangdon and Stonebraker, Michael and Tatbul, Nesime and Zdonik, Stan},
title = {{Aurora: a New Model and Architecture for Data Stream Management}},
journal = {The International Journal on Very Large Data Bases},
year = {2003}
}

@article{Franklin:1997va,
author = {Franklin, Michael and Zdonik, Stanley},
title = {{A Framework for Scalable Dissemination-Based Systems}},
journal = {Conference on Object-Oriented Programming, Systems, Languages, and Applications},
year = {1997}
}

@article{Sen:2009up,
author = {Sen, S and Vig, J and Riedl, J},
title = {{Tagommenders: connecting users to items through tags}},
journal = {Proceedings of the 18th international conference on World wide web},
year = {2009}
}

@article{Song:2006uc,
author = {Song, X and Tseng, BL and Lin, CY and Sun, MT},
title = {{Personalized recommendation driven by information flow}},
journal = {Proceedings of the 29th annual international ACM SIGIR conference on Research and development in information retrieval},
year = {2006}
}

@article{Costa:2008uw,
author = {Costa, M and Crowcroft, J and Castro, M and Rowstron, A and Zhou, L and Zhang, L and Barham, P},
title = {{Vigilante: End-to-end containment of Internet worm epidemics}},
journal = {ACM Transactions on Computer Systems},
year = {2008}
}

@article{Sarwar:2000wf,
author = {Sarwar, BM and Karypis, G and Konstan, JA and Riedl, J},
title = {{Application of dimensionality reduction in recommender system--a case study}},
journal = {ACM WebKDD 2000 Web Mining for E-Commerce Workshop},
year = {2000}
}

@article{Lee:2006uv,
author = {Lee, H and Smeaton, AF and O'connor, NE and Smyth, B},
title = {{User evaluation of F{\'\i}schl{\'a}r-News: an automatic broadcast news delivery system}},
journal = {ACM Transactions on Information Systems (TOIS)},
year = {2006}
}

@article{Hofmann:2004vn,
author = {Hofmann, T},
title = {{Latent semantic models for collaborative filtering}},
journal = {ACM Transactions on Information Systems (TOIS)},
year = {2004}
}

@article{Celma:2008tj,
author = {Celma, {\`O} and Herrera, P},
title = {{A new approach to evaluating novel recommendations}},
journal = {Proceedings of the 2008 ACM Conference on Recommender Systems},
year = {2008}
}

@article{Fleder:2007vn,
author = {Fleder, DM and Hosanagar, K},
title = {{Recommender systems and their impact on sales diversity}},
journal = {Proceedings of the 8th ACM conference on Electronic commerce},
year = {2007}
}

@article{Whang:2009ty,
author = {Whang, Steven and Benjelloun, Omar and Garcia-Molina, Hector},
title = {{Generic entity resolution with negative rules}},
journal = {The VLDB Journal --- The International Journal on Very Large Data Bases},
year = {2009}
}

@article{Ziegler:2004wn,
author = {Ziegler, CN and Lausen, G and Schmidt-Thieme, L},
title = {{Taxonomy-driven computation of product recommendations}},
journal = {Proceedings of the 13th ACM International Conference on Information and Knowledge Management},
year = {2004}
}

@article{Mobasher:2000tb,
author = {Mobasher, B and Cooley, R and Srivastava, J},
title = {{Automatic personalization based on Web usage mining}},
journal = {Communications of the ACM},
year = {2000}
}

@article{Adomavicius:2005wu,
author = {Adomavicius, G and Sankaranarayanan, R and Sen, S and Tuzhilin, A},
title = {{Incorporating contextual information in recommender systems using a multidimensional approach}},
journal = {ACM Transactions on Information Systems (TOIS)},
year = {2005}
}

@inproceedings{fernandes@cikm2007,
 author = {Fernandes, David and de Moura, Edleno S. and 
 Ribeiro-Neto, Berthier and da Silva, Altigran S. and Gon\c{c}alves, 
 Marcos Andr{\'e}},
 title = {Computing block importance for searching on web sites},
 booktitle = {Proceedings of the 16th ACM on Conference on Information and Knowledge 
 Management},
 year = {2007},
 pages = {165--174},
} 

@article{Grineva:2009vw,
author = {Grineva, M and Grinev, M and Lizorkin, D},
title = {{Extracting key terms from noisy and multitheme documents}},
journal = {Proceedings of the 18th international conference on World wide web},
year = {2009}
}

@article{Raiciu:2006wf,
author = {Raiciu, Costin and Rosenblum, David S and Handley, Mark},
title = {{Revisiting Content-Based Publish/Subscribe}},
journal = {Proceedings of the 26th IEEE International Conference on Distributed Computing Systems Workshops},
year = {2006}
}

@article{Goldberg:1992wr,
author = {Goldberg, D and Nichols, D and Oki, B and Terry, D},
title = {{Using collaborative filtering to weave an information tapestry}},
journal = {Communications of the ACM},
year = {1992}
}

@article{Siersdorfer:2009vb,
author = {Siersdorfer, S and Sizov, S},
title = {{Social recommender systems for web 2.0 folksonomies}},
journal = {Proceedings of the 20th ACM conference on Hypertext and hypermedia},
year = {2009}
}

@article{Coursey:2009tc,
author = {Coursey, K and Mihalcea, R},
title = {{Topic identification using Wikipedia graph centrality}},
journal = {Proceedings of Human Language Technologies: The 2009 Annual Conference of the North American Chapter of the Association for Computational Linguistics, Companion Volume: Short Papers},
year = {2009}
}

@article{Wei:2005wk,
author = {Wei, YZ and Moreau, L and Jennings, NR},
title = {{A market-based approach to recommender systems}},
journal = {ACM Transactions on Information Systems (TOIS)},
year = {2005}
}

@article{Takacs:2009ug,
author = {Tak{\'a}cs, G and Pil{\'a}szy, I and N{\'e}meth, B and Tikk, D},
title = {{Scalable collaborative filtering approaches for large recommender systems}},
journal = {The Journal of Machine Learning Research},
year = {2009}
}

@article{Lathia:2008uj,
author = {Lathia, N and Hailes, S and Capra, L},
title = {{kNN CF: a temporal social network}},
journal = {Proceedings of the 2008 ACM Conference on Recommender Systems},
year = {2008}
}

@article{Lehtiniemi:2008te,
author = {Lehtiniemi, A},
title = {{Evaluating SuperMusic: streaming context-aware mobile music service}},
journal = {Proceedings of the 2008 International Conference on Advances in Computer Entertainment Technology},
year = {2008}
}

@article{Zhao:2008vu,
author = {Zhao, S and Du, N and Nauerz, A and Zhang, X and Yuan, Q and Fu, R},
title = {{Improved recommendation based on collaborative tagging behaviors}},
journal = {Proceedings of the 13th international conference on Intelligent user interfaces},
year = {2008}
}

@inproceedings{pan@icdm2008,
  author    = {R. Pan and
               Y. Zhou and
               B. Cao and
               N. Nan Liu and
               R. Lukose and
               M. Scholz and
               Q. Yang},
  title     = {One-Class Collaborative Filtering},
  booktitle = {Proceedings of the 8th International Conference on Data Mining},
  year      = {2008},
  pages     = {502-511}
}

@article{Pan:2009vf,
author = {Pan, R and Scholz, M},
title = {{Mind the gaps: weighting the unknown in large-scale one-class collaborative filtering}},
journal = {Proceedings of the 15th ACM SIGKDD International Conference on Knowledge Discovery and Data Mining},
year = {2009}
}

@article{OMahony:2004um,
author = {O'Mahony, M and Hurley, N and Kushmerick, N and Silvestre, G},
title = {{Collaborative recommendation: A robustness analysis}},
journal = {ACM Transactions on Internet Technology (TOIT)},
year = {2004}
}

@article{Kendall:1999vm,
author = {Kendall, Julie E and Kendall, Kenneth E},
title = {{INFORMATION DELIVERY SYSTEMS: An Exploration of Web Pull and Push Technologies}},
journal = {Communications of the Association for Information Systems},
year = {1999}
}

@article{Loh:2008wh,
author = {Loh, S and Lorenzi, F and Sim{\~o}es, G and Wives, LK and de Oliveira, JPM},
title = {{Comparing keywords and taxonomies in the representation of users profiles in a content-based recommender system}},
journal = {Proceedings of the 2008 ACM symposium on Applied computing},
year = {2008}
}

@article{Umyarov:2008tu,
author = {Umyarov, A},
title = {{Leveraging aggregate ratings for improving predictive performance of recommender systems}},
journal = {Proceedings of the 2008 ACM Conference on Recommender Systems},
year = {2008}
}

@article{Hansen:2009ts,
author = {Hansen, DL and Golbeck, J},
title = {{Mixing it up: recommending collections of items}},
journal = {Proceedings of the 27th international conference on Human factors in computing systems},
year = {2009}
}

@article{Baluja:2008wd,
author = {Baluja, S and Seth, R and Sivakumar, D and Jing, Y and Yagnik, J and Kumar, S and Ravichandran, D and Aly, M},
title = {{Video suggestion and discovery for youtube: taking random walks through the view graph}},
journal = {Proceeding of the 17th international conference on World Wide Web},
year = {2008}
}

@article{Frankowski:2007to,
author = {Frankowski, D and Lam, SK and Sen, S and Harper, FM and Yilek, S and Cassano, M and Riedl, J},
title = {{Recommenders everywhere:: the wikilens community-maintained recommender system}},
journal = {Proceedings of the 2007 international symposium on Wikis},
year = {2007}
}

@article{Linden:2001vk,
author = {Linden, G and Jacobi, J and Benson, E},
title = {{Collaborative recommendations using item-to-item similarity mappings}},
journal = {US Patent 6,266,649},
year = {2001}
}

@article{Sarwar:2000vk,
author = {Sarwar, B and Karypis, G and Konstan, J and Riedl, J},
title = {{Analysis of recommendation algorithms for e-commerce}},
journal = {Proceedings of the 2nd ACM conference on Electronic commerce},
year = {2000}
}

@article{Shah:2003ux,
author = {Shah, Shetal and Dharmarajan, Shyamshankar and Ramamritham, Krithi},
title = {{An Efficient and Resilient Approach to Filtering and Disseminating Streaming Data}},
journal = {Proceedings of the 29th International Conference on Very Large Data Bases},
year = {2003}
}

@article{Franklin:1998vf,
author = {Franklin, Michael and Zdonik, Stan},
title = {{``Data In Your Face'': Push Technology in Perspective}},
journal = {Proceedings of the 1998 ACM SIGMOD International Conference on Management of Data},
year = {1998}
}

@article{Herlocker:2000tv,
author = {Herlocker, JL and Konstan, JA and Riedl, J},
title = {{Explaining collaborative filtering recommendations}},
journal = {Proceedings of the 2000 ACM conference on Computer supported cooperative work},
year = {2000}
}

@article{McNee:2006vw,
author = {McNee, SM and Riedl, J and Konstan, JA},
title = {{Being Accurate is Not Enough: How Accuracy Metrics have hurt Recommender Systems}},
journal = {ACM SIGCHI Conference on Human Factors in Computing Systems},
year = {2006}
}

@article{Golab:2003wr,
author = {Golab, Lukasz and {\"O}zsu, M},
title = {{Issues in Data Stream Management}},
journal = {SIGMOD Record},
year = {2003}
}

@article{Koutrika:2009ts,
author = {Koutrika, G and Bercovitz, B and Garcia-Molina, H},
title = {{FlexRecs: expressing and combining flexible recommendations}},
journal = {Proceedings of the 35th SIGMOD international conference on Management of data},
year = {2009}
}

@article{Deolasee:2001wx,
author = {Deolasee, Pavan and Katkar, Amol and Panchbudhe, Ankur and Ramamritham, Krithi and Shenoy, Prashant},
title = {{Adaptive push-pull: Disseminating dynamic web data}},
journal = {Proceedings of the 10th International Conference on World Wide Web},
year = {2001}
}

@article{Milo:2007wo,
author = {Milo, T and Zur, T and Verbin, E},
title = {{Boosting topic-based publish-subscribe systems with dynamic clustering}},
journal = {Proceedings of the 2007 ACM SIGMOD international conference on Management of data},
year = {2007}
}

@article{Acharya:1997ua,
author = {Acharya, Swarup and Franklin, Michael and Zdonik, Stanley},
title = {{Balancing Push and Pull for Data Broadcast}},
journal = {Proceedings of the 1997 ACM SIGMOD International Conference on Management of Data},
year = {1997}
}

@article{Zanker:2008wr,
author = {Zanker, M},
title = {{A collaborative constraint-based meta-level recommender}},
journal = {Proceedings of the 2008 ACM Conference on Recommender Systems},
year = {2008}
}

@article{Symeonidis:2008ve,
author = {Symeonidis, P and Nanopoulos, A and Manolopoulos, Y},
title = {{Tag recommendations based on tensor dimensionality reduction}},
journal = {Proceedings of the 2008 ACM Conference on Recommender Systems},
year = {2008}
}

@article{Lathia:2009vm,
author = {Lathia, N and Hailes, S and Capra, L},
title = {{Temporal collaborative filtering with adaptive neighbourhoods}},
journal = {Proceedings of the 32nd international ACM SIGIR conference on Research and development in information retrieval},
year = {2009}
}

@article{Powell:1996vg,
author = {Powell, David},
title = {{Group communication}},
journal = {Communications of the ACM},
year = {1996}
}

@article{Konstan:1997ta,
author = {Konstan, Joseph and Miller, Bradley and Maltz, David and Herlocker, Jonathan and Gordon, Lee and Riedl, John},
title = {{GroupLens: applying collaborative filtering to Usenet news}},
journal = {Communications of the ACM},
year = {1997}
}

@article{Lakiotaki:2008us,
author = {Lakiotaki, K and Tsafarakis, S and Matsatsinis, N},
title = {{UTA-Rec: a recommender system based on multiple criteria analysis}},
journal = {Proceedings of the 2008 ACM Conference on Recommender Systems},
year = {2008}
}

@article{Carzaniga:2000uz,
author = {Carzaniga, Antonio and Rosenblum, David and Wolf, Alexander},
title = {{Achieving scalability and expressiveness in an Internet-scale event notification service}},
journal = {PODC '00: Proceedings of the nineteenth annual ACM symposium on Principles of distributed computing},
year = {2000}
}

@article{Padmanabhan:2008ua,
author = {Padmanabhan, Prasanna and Gruenwald, Le and Vallur, Anita and Atiquzzaman, Mohammed},
title = {{A survey of data replication techniques for mobile ad hoc network databases}},
journal = {The VLDB Journal --- The International Journal on Very Large Data Bases},
year = {2008}
}

@article{Eugster:2003ww,
author = {Eugster, PTh and Felber, P and Guerraoui, R and Kermarrec, A-M},
title = {{The Many Faces of Publish/Subscribe}},
journal = {Technical Report},
year = {2003}
}

@article{Kulkarni:2009ty,
author = {Kulkarni, S and Singh, A and Ramakrishnan, G and Chakrabarti, S},
title = {{Collective annotation of Wikipedia entities in web text}},
journal = {Proceedings of the 15th ACM SIGKDD International Conference on Knowledge Discovery and Data Mining},
year = {2009}
}

@article{ODonovan:2005wn,
author = {O'Donovan, J and Smyth, B},
title = {{Trust in recommender systems}},
journal = {Proceedings of the 10th international conference on Intelligent user interfaces},
year = {2005}
}

@article{Resnick:1994wm,
author = {Resnick, Paul and Iacovou, Neophytos and Suchak, Mitesh and Bergstrom, Peter and Riedl, John},
title = {{GroupLens: an open architecture for collaborative filtering of netnews}},
journal = {Proceedings of the 1994 ACM Conference on Computer Supported Cooperative Work},
year = {1994}
}

@inproceedings{koren@kdd2008,
  title={Factorization meets the neighborhood: a multifaceted collaborative filtering model},
  author={Koren, Yehuda},
  booktitle={Proceedings of the 14th ACM SIGKDD international conference on Knowledge discovery 
  and data mining},
  pages={426--434},
  year={2008},
  organization={ACM}
}

@article{Burke:2000vs,
author = {Burke, R},
title = {{Knowledge-based recommender systems}},
journal = {Encyclopedia of Library and Information Systems},
year = {2000}
}

@article{Benjelloun:2009uc,
author = {Benjelloun, Omar and Garcia-Molina, Hector and Menestrina, David and Su, Qi and Whang, Steven and Widom, Jennifer},
title = {{Swoosh: a generic approach to entity resolution}},
journal = {The VLDB Journal --- The International Journal on Very Large Data Bases},
year = {2009}
}

@article{Kumar:2001va,
author = {Kumar, R and Raghavan, P and Rajagopalan, S and Tomkins, A},
title = {{Recommendation systems: A probabilistic analysis}},
journal = {Journal of Computer and System Sciences},
year = {2001}
}

@article{Canny:2002ts,
author = {Canny, J},
title = {{Collaborative filtering with privacy via factor analysis}},
journal = {Proceedings of the 25th Annual International ACM SIGIR Conference on Research and Development in Information Retrieval},
year = {2002}
}

@article{Dobson:2006vk,
author = {Dobson, Simon and Denazis, Spyros and Fern{\'a}ndez, Antonio and Ga{\"\i}ti, Dominique and Gelenbe, Erol and Massacci, Fabio and Nixon, Paddy and Saffre, Fabrice and Schmidt, Nikita and Zambonelli, Franco},
title = {{A survey of autonomic communications}},
journal = {Transactions on Autonomous and Adaptive Systems (TAAS},
year = {2006}
}

@article{Eugster:2003wwa,
author = {Eugster, PT and Felber, PA and Guerraoui, R and Kermarrec, AM},
title = {{The many faces of publish/subscribe}},
journal = {ACM Computing Surveys},
year = {2003}
}

@article{Montaner:2003wo,
author = {Montaner, M and L{\'o}pez, B and De La Rosa, JL},
title = {{A Taxonomy of Recommender Agents on the Internet}},
journal = {Artificial Intelligence Review},
year = {2003}
}

@article{Belkin:2000ve,
author = {Belkin, Nicholas J},
title = {{Helping People Find What They Don't Know}},
journal = {Communications of the ACM},
year = {2000}
}

@article{Lin:2002wn,
author = {Lin, W and Alvarez, SA and Ruiz, C},
title = {{Efficient adaptive-support association rule mining for recommender systems}},
journal = {Data Mining and Knowledge Discovery},
year = {2002}
}

@article{Milne:2008wu,
author = {Milne, D and Witten, I},
title = {{Learning to link with Wikipedia}},
journal = {portal.acm.org},
year = {2008}
}

@article{Campailla:2001tya,
author = {Campailla, Alexis and Chaki, Sagar and Clarke, Edmund and Jha, Somesh and Veith, Helmut},
title = {{Efficient filtering in publish-subscribe systems using binary decision diagrams}},
journal = {Proceedings of the 23rd International Conference on Software Engineering},
year = {2001}
}

@article{Xu:2008td,
author = {Xu, K and Zhu, M and Zhang, D and Gu, T},
title = {{Context-aware content filtering {\&} presentation for pervasive {\&} mobile information systems}},
journal = {Proceedings of the 1st international conference on Ambient media and systems table of contents},
year = {2008}
}

@article{Mihalcea:2007ve,
author = {Mihalcea, R and Csomai, A},
title = {{Wikify!: linking documents to encyclopedic knowledge}},
journal = {Proceedings of the sixteenth ACM conference on {\ldots}},
year = {2007}
}

@inproceedings{lacerda@sigir2006,
author = {Lacerda, Anisio and Cristo, Marco and Gon{\c c}alves, Marcos and Fan, Weiguo and Ziviani, 
Nivio and Ribeiro-Neto, Berthier},
title = {{Learning to advertise}},
booktitle = {Proceedings of the 29th Annual International ACM Conference on Research and 
Development in Information Retrieval},
year = {2006},
pages = {549--556},
}

@article{Lam:2004uu,
author = {Lam, SK and Riedl, J},
title = {{Shilling recommender systems for fun and profit}},
journal = {Proceedings of the 13th international conference on World Wide Web},
year = {2004}
}

@article{Jeh:2002um,
author = {Jeh, G and Widom, J},
title = {{SimRank: A measure of structural-context similarity}},
journal = {Proceedings of the eighth ACM SIGKDD international conference on Knowledge discovery and data mining},
year = {2002}
}

@article{Baltrunas:2008tv,
author = {Baltrunas, L},
title = {{Exploiting contextual information in recommender systems}},
journal = {Proceedings of the 2008 ACM Conference on Recommender Systems},
year = {2008}
}

@article{Eugster:2007vm,
author = {Eugster, Patrick},
title = {{Type-based Publish/Subscribe: Concepts and Experiences}},
journal = {Transactions on Programming Languages and Systems},
year = {2007}
}

@article{Cosley:2003wo,
author = {Cosley, D and Lam, SK and Albert, I and Konstan, JA and Riedl, J},
title = {{Is seeing believing?: how recommender system interfaces affect users' opinions}},
journal = {Proceedings of the SIGCHI conference on Human factors in computing systems},
year = {2003}
}

@article{Csomai:2008wi,
author = {Csomai, A and Mihalcea, R},
title = {{Linking Documents to Encyclopedic Knowledge}},
journal = {IEEE Intelligent Systems, special issue on ``Natural Language Processing for the Web},
year = {2008}
}

@article{SchickelZuber:2007ut,
author = {Schickel-Zuber, V and Faltings, B},
title = {{Using hierarchical clustering for learning theontologies used in recommendation systems}},
journal = {Proceedings of the 13th ACM SIGKDD international conference on Knowledge discovery and data mining},
year = {2007}
}

@article{Leino:2007ur,
author = {Leino, J and R{\"a}ih{\"a}, KJ},
title = {{Case amazon: ratings and reviews as part of recommendations}},
journal = {Proceedings of the 2007 ACM Conference on Recommender Systems},
year = {2007}
}

@article{Bailey:2009wb,
author = {Bailey, J and Loekito, E},
title = {{Efficient incremental mining of contrast patterns in changing data}},
journal = {Information Processing Letters},
year = {2009}
}

@article{deSousa:2006wx,
author = {de Sousa, EPM and Traina, AJM and Traina, C and Faloutsos, C},
title = {{Measuring Evolving Data Streams' Behavior through Their Intrinsic Dimension}},
journal = {New Generation Computing},
year = {2006}
}

@article{Jiang:2006tb,
author = {Jiang, N and Gruenwald, L},
title = {{Research issues in data stream association rule mining}},
journal = {ACM Sigmod Record},
year = {2006}
}

@article{Sun:2008vh,
author = {Sun, J and Tao, D and Papadimitriou, S and Yu, PS and Faloutsos, C},
title = {{Incremental tensor analysis: Theory and applications}},
journal = {ACM Transactions on Knowledge Discovery from Data (TKDD)},
year = {2008}
}

@article{Leung:2008tw,
author = {Leung, CKS and Brajczuk, DA and Yu, J},
title = {{Efficient algorithms for stream mining of constrained frequent patterns in a limited memory environment}},
journal = {Proceedings of the 2008 international symposium on Database engineering {\&} applications},
year = {2008}
}

@article{Cormode:2008wv,
author = {Cormode, G and Hadjieleftheriou, M},
title = {{Finding frequent items in data streams}},
journal = {Proceedings of the VLDB Endowment},
year = {2008}
}

@article{Kifer:2004ul,
author = {Kifer, D and Ben-David, S and Gehrke, J},
title = {{Detecting change in data streams}},
journal = {Proceedings of the Thirtieth international conference on Very large data bases-Volume 30},
year = {2004}
}

@article{Domingos:2000wq,
author = {Domingos, P and Hulten, G},
title = {{Mining high-speed data streams}},
journal = {Proceedings of the sixth ACM SIGKDD international conference on Knowledge discovery and data mining},
year = {2000}
}

@inproceedings{weng@wsdm2010,
 author = {Weng, Jianshu and Lim, Ee-Peng and Jiang, Jing and He, Qi},
 title = {TwitterRank: finding topic-sensitive influential twitterers},
 booktitle = {Proceedings of the third ACM International Conference on Web Search and Data 
 Mining},
 year = {2010},
 pages = {261--270},
} 

@article{Tao:2009vd,
author = {Tao, Y and Ozsu, MT},
title = {{Mining data streams with periodically changing distributions}},
journal = {Proceeding of the 18th ACM conference on Information and knowledge management},
year = {2009}
}

@book{Muthukrishnan:2005wb,
author = {Muthukrishnan, S},
title = {{Data streams: Algorithms and applications}},
year = {2005}
}

@article{Agrawal:2008vk,
author = {Agrawal, J and Diao, Y and Gyllstrom, D and Immerman, N},
title = {{Efficient pattern matching over event streams}},
journal = {Proceedings of the 2008 ACM SIGMOD international conference on Management of data},
year = {2008}
}

@article{Cormode:2009tr,
author = {Cormode, G and Hadjieleftheriou, M},
title = {{Finding the frequent items in streams of data}},
journal = {Communications of the ACM},
year = {2009}
}

@article{Wang:2007tq,
author = {Wang, X and Zhai, CX and Hu, X and Sproat, R},
title = {{Mining correlated bursty topic patterns from coordinated text streams}},
journal = {Proceedings of the 13th ACM SIGKDD international conference on Knowledge discovery and data mining},
year = {2007}
}

@article{Bruck:2006ti,
author = {Bruck, J and Jie Gao and Anxiao Jiang},
title = {{Weighted Bloom Filter}},
journal = {Information Theory, 2006 IEEE International Symposium on},
year = {2006}
}

@article{Wang:2003vr,
author = {Wang, Haixun and Fan, Wei and Yu, Philip and Han, Jiawei},
title = {{Mining concept-drifting data streams using ensemble classifiers}},
journal = {KDD '03: Proceedings of the ninth ACM SIGKDD international conference on Knowledge discovery and data mining},
year = {2003}
}

@article{Ganti:2002vx,
author = {Ganti, V and Gehrke, J and Ramakrishnan, R},
title = {{Mining data streams under block evolution}},
journal = {ACM SIGKDD Explorations Newsletter},
year = {2002}
}

@article{Roozenburg:2005tq,
author = {Roozenburg, J},
title = {{A literature survey on bloom filters}},
journal = {Research Assignment, November},
year = {2005}
}

@article{Asai:2002th,
author = {Asai, T and Arimura, H and Abe, K and Kawasoe, S and Arikawa, S},
title = {{Online algorithms for mining semi-structured data stream}},
journal = {Proc. the 2002 IEEE Int'l Conf. on Data Mining (ICDM'02)},
year = {2002}
}

@article{Tong:2008wx,
author = {Tong, H and Papadimitriou, S and Sun, J and Yu, PS and Faloutsos, C},
title = {{Colibri: fast mining of large static and dynamic graphs}},
journal = {Proceeding of the 14th ACM SIGKDD international conference on Knowledge discovery and data mining},
year = {2008}
}

@article{Hulten:2001ta,
author = {Hulten, G and Spencer, L and Domingos, P},
title = {{Mining time-changing data streams}},
journal = {Proceedings of the seventh ACM SIGKDD international conference on Knowledge discovery and data mining},
year = {2001}
}

@article{Lonardi:2006vi,
author = {Lonardi, S and Lin, J and Keogh, E and Chiu, BY},
title = {{Efficient discovery of unusual patterns in time series}},
journal = {New Generation Computing},
year = {2006}
}

@article{Zhang:2008up,
author = {Zhang, P and Zhu, X and Shi, Y},
title = {{Categorizing and mining concept drifting data streams}},
journal = {Proceeding of the 14th ACM SIGKDD international conference on Knowledge discovery and data mining},
year = {2008}
}

@article{Sun:2008wr,
author = {Sun, J},
title = {{Incremental pattern discovery on streams, graphs and tensors}},
journal = {ACM SIGKDD Explorations Newsletter},
year = {2008}
}

@article{Silvestri:2007vo,
author = {Silvestri, C and Orlando, S},
title = {{Approximate mining of frequent patterns on streams}},
journal = {Intelligent Data Analysis},
year = {2007}
}

@article{Zhu:2003uq,
author = {Zhu, Y and Shasha, D},
title = {{Efficient elastic burst detection in data streams}},
journal = {Proceedings of the ninth ACM SIGKDD international conference on Knowledge discovery and data mining},
year = {2003}
}

@article{bifet@jmlr2010,
  author    = {A. Bifet and
               G. Holmes and
               R. Kirkby and
               B. Pfahringer},
  title     = {{MOA}: massive Online Analysis},
  journal   = {Journal of Machine Learning Research},
  volume    = {11},
  number = {1},
  year      = {2010},
  pages     = {1601--1604}
}

@article{Indyk:2000uo,
author = {Indyk, P and Koudas, N and Muthukrishnan, S},
title = {{Identifying representative trends in massive time series data sets using sketches}},
journal = {Proceedings of the 26th International Conference on Very Large Data Bases},
year = {2000}
}

@article{Fan:2000uw,
author = {Fan, L and Cao, P and Almeida, J and Broder, AZ},
title = {{Summary cache: a scalable wide-area web cache sharing protocol}},
journal = {IEEE/ACM Transactions on Networking (TON)},
year = {2000}
}

@article{Guha:2003wr,
author = {Guha, S and Meyerson, A and Mishra, N and Motwani, R and O'Callaghan, L},
title = {{Clustering data streams: Theory and practice}},
journal = {Knowledge and Data Engineering, IEEE Transactions on},
year = {2003}
}

@article{Chen:2009um,
author = {Chen, K and Liu, L},
title = {{HE-Tree: a framework for detecting changes in clustering structure for categorical data streams}},
journal = {The VLDB Journal},
year = {2009}
}

@article{Papadimitriou:2005vq,
author = {Papadimitriou, S and Sun, J and Faloutsos, C},
title = {{Streaming pattern discovery in multiple time-series}},
journal = {Proceedings of the 31st international conference on Very large data bases},
year = {2005}
}

@article{Karnstedt:2009uf,
author = {Karnstedt, M and Klan, D and P{\"o}litz, C and Sattler, KU and Franke, C},
title = {{Adaptive burst detection in a stream engine}},
journal = {Proceedings of the 2009 ACM symposium on Applied Computing},
year = {2009}
}

@article{Jin:2003ws,
author = {Jin, C and Qian, W and Sha, C and Yu, JX and Zhou, A},
title = {{Dynamically maintaining frequent items over a data stream}},
journal = {Proceedings of the twelfth international conference on Information and knowledge management},
year = {2003}
}

@article{Tanbeer:2009wg,
author = {Tanbeer, SK and Ahmed, CF and Jeong, BS and Lee, YK},
title = {{Sliding window-based frequent pattern mining over data streams}},
journal = {Information Sciences},
year = {2009}
}

@article{Babcock:2002wi,
author = {Babcock, B and Datar, M and Motwani, R},
title = {{Sampling from a moving window over streaming data}},
journal = {Proceedings of the thirteenth annual ACM-SIAM symposium on Discrete algorithms},
year = {2002}
}

@article{Gollapudi:2004wq,
author = {Gollapudi, S and Sivakumar, D},
title = {{Framework and algorithms for trend analysis in massive temporal data sets}},
journal = {Proceedings of the thirteenth ACM international conference on Information and knowledge management},
year = {2004}
}

@article{Broder:2004ux,
author = {Broder, A and Mitzenmacher, M},
title = {{Network applications of bloom filters: A survey}},
journal = {Internet Mathematics},
year = {2004}
}

@article{Gwadera:2009uj,
author = {Gwadera, R and Crestani, F},
title = {{Mining and ranking streams of news stories using cross-stream sequential patterns}},
journal = {Proceeding of the 18th ACM conference on Information and knowledge management},
year = {2009}
}

@article{Tanbeer:2008us,
author = {Tanbeer, SK and Ahmed, CF and Jeong, BS and Lee, YK},
title = {{Efficient frequent pattern mining over data streams}},
journal = {Proceeding of the 17th ACM conference on Information and knowledge management},
year = {2008}
}

@article{XiangLian:2008tz,
author = {Xiang Lian and Lei Chen},
title = {{Efficient Similarity Search over Future Stream Time Series}},
journal = {Knowledge and Data Engineering, IEEE Transactions on},
year = {2008}
}

@article{Kanagal:2008wb,
author = {Kanagal, B and Deshpande, A},
title = {{Online filtering, smoothing and probabilistic modeling of streaming data}},
journal = {Proceedings of the 2008 IEEE 24th International Conference on Data Engineering},
year = {2008}
}

@article{Manerikar:2009um,
author = {Manerikar, N and Palpanas, T},
title = {{Frequent items in streaming data: An experimental evaluation of the state-of-the-art}},
journal = {Data {\&} Knowledge Engineering},
year = {2009}
}

@article{Metwally:up,
author = {Metwally, A and Agrawal, D and Abbadi, A},
title = {{Efficient computation of frequent and top-k elements in data streams}},
journal = {Database Theory-ICDT 2005}
}

@article{Sun:2006wl,
author = {Sun, J and Tao, D and Faloutsos, C},
title = {{Beyond streams and graphs: dynamic tensor analysis}},
journal = {Proceedings of the 12th ACM SIGKDD international conference on Knowledge discovery and data mining},
year = {2006}
}

@article{Gaber:2005ve,
author = {Gaber, MM and Zaslavsky, A and Krishnaswamy, S},
title = {{Mining data streams: a review}},
journal = {ACM Sigmod Record},
year = {2005}
}

@article{Nakamura:2007tg,
author = {Nakamura, Eduardo and Loureiro, Antonio and Frery, Alejandro},
title = {{Information fusion for wireless sensor networks: Methods, models, and classifications}},
journal = {Computing Surveys (CSUR},
year = {2007}
}

@article{Ammar:1985vk,
author = {Ammar, JW},
title = {{The design of teletext broadcast cycles}},
journal = {Performance Evaluation},
year = {1985}
}

@article{Acharya:1996ui,
author = {Acharya, S and Franklin, MJ and Zdonik, S},
title = {{Disseminating Updates on Broadcast Disks}},
journal = {Proceedings of the International Conference on Very Large Data Bases},
year = {1996}
}

@article{Liu:2010vj,
author = {Liu, J and Dolan, P and Pedersen, ER},
title = {{Personalized news recommendation based on click behavior}},
journal = {Proceeding of the 14th international conference on Intelligent user interfaces},
year = {2010}
}

@article{Acharya:1995tw,
author = {Acharya, S and Alonso, R and Franklin, M and Zdonik, S},
title = {{Broadcast Disks: Data Management for Asymmetric Communication Environments}},
journal = {Proceedings of the ACM SIGMOD Conference},
year = {1995}
}

@article{Terry:1992wl,
author = {Terry, D and Goldberg, D and Nichols, D and Oki, B},
title = {{Continuous Queries over Append-Only Databases}},
journal = {Proceedings of the 1992 ACM SIGMOD international conference on Management of data},
year = {1992}
}

@article{Bowen:1992tp,
author = {Bowen, TF and Gopal, G and Herman, G and Hickey, T and Lee, KC and Mansfield, WH and Raitz, J and Weinrib, A},
title = {{The datacycle architecture}},
journal = {Communications of the ACM},
year = {1992}
}

@article{Wang:2008wx,
author = {Wang, C and Zhang, M and Ma, S and Ru, L},
title = {{Automatic Online News Issue Construction in Web Environment}},
journal = {Proceeding of International Conference on World Wide Web},
year = {2008}
}

@article{Zhu:2002wm,
author = {Zhu, Y and Shasha, D},
title = {{Statstream: Statistical monitoring of thousands of data streams in real time}},
journal = {Proceedings of the 28th international conference on Very Large Data Bases},
year = {2002}
}

@article{Hellerstein:2002vq,
author = {Hellerstein, J and Widom, J},
title = {{Data streams: fresh current or stagnant backwater?(panel)}},
journal = {Proceedings of the 2002 {\ldots}},
year = {2002}
}

@article{Fujiwara:2009ut,
author = {Fujiwara, Y and Sakurai, Y and Kitsuregawa, M},
title = {{Fast likelihood search for hidden Markov models}},
journal = {ACM Transactions on Knowledge Discovery from Data (TKDD)},
year = {2009}
}

@article{Morita:2008tb,
author = {Morita, K and Iwabu, Y and Atlam, E-S and Fuketa, M and Aoe, J-i},
title = {{A Method of Extracting Word Tendencies to Understand Popular Subjects}},
journal = {Innovations in Information Technology, 2008. IIT 2008. International Conference on},
year = {2008}
}

@article{Babcock:2002vba,
author = {Babcock, B and Babu, S and Datar, M and Motwani, R and Widom, J},
title = {{Models and Issues in Data Stream Systems}},
journal = {Proceedings of ACM SIGMOD-SIGACT-SIGART Symposium on Principles of Database Systems},
year = {2002}
}

@article{Shewhart:1999tq,
author = {Shewhart, M and Wasson, M},
title = {{Monitoring a newsfeed for hot topics}},
journal = {Proceedings of the fifth ACM SIGKDD international conference on Knowledge discovery and data mining},
year = {1999}
}

@article{Jain:2004tr,
author = {Jain, A and Chang, EY and Wang, YF},
title = {{Adaptive stream resource management using kalman filters}},
journal = {Proceedings of the 2004 ACM SIGMOD international conference on Management of data},
year = {2004}
}

@article{Bizarro:2005vg,
author = {Bizarro, P and Babu, S and DeWitt, D and Widom, J},
title = {{Content-Based Routing: Different Plans for Different Data}},
journal = {Proceedings of the International Conference on Very Large Data Bases},
year = {2005}
}

@article{Lopes:2010wv,
author = {Lopes, Giseli Rabello},
title = {{Recomenda{\c c}{\~a}o de Colabora{\c c}{\~o}es em Redes Sociais Acad{\^e}micas}},
journal = {Proposta de Tese de Doutorado},
year = {2010}
}

@article{Sarma:2009wj,
author = {Sarma, AD and Benjelloun, O and Halevy, A and Nabar, S and Widom, J},
title = {{Representing uncertain data: models, properties, and algorithms}},
journal = {The VLDB Journal},
year = {2009}
}

@article{Arasu:2003ur,
author = {Arasu, A and Babcock, B and Babu, S and Datar, M and Ito, K and Nishizawa, I and Rosenstein, J and Widom, J},
title = {{STREAM: the Stanford Stream Data Manager (Demonstration Description)}},
journal = {Proceedings of the 2003 ACM SIGMOD international conference on Management of data},
year = {2003}
}

@article{KuanYuChen:2007td,
author = {Kuan-Yu Chen and Luesukprasert, L and Chou, S-cT},
title = {{Hot Topic Extraction Based on Timeline Analysis and Multidimensional Sentence Modeling}},
journal = {IEEE Transactions on Knowledge and Data Engineering},
year = {2007}
}

@article{Parikh:2008vi,
author = {Parikh, N and Sundaresan, N},
title = {{Scalable and near real-time burst detection from eCommerce queries}},
journal = {Proceeding of the 14th ACM SIGKDD international conference on Knowledge discovery and data mining},
year = {2008}
}

@article{Wang:2007tqa,
author = {Wang, X and Zhai, CX and Hu, X and Sproat, R},
title = {{Mining correlated bursty topic patterns from coordinated text streams}},
journal = {Proceedings of the 13th ACM SIGKDD international conference on Knowledge discovery and data mining},
year = {2007}
}

@article{Wang:2008wi,
author = {Wang, C and Zhang, M and Ru, L and Ma, S},
title = {{Automatic online news topic ranking using media focus and user attention based on aging theory}},
journal = {Proceeding of the 17th ACM conference on Information and knowledge management},
year = {2008}
}

@article{Adafre:2007tu,
author = {Adafre, F},
title = {{Fact discovery in Wikipedia}},
journal = {Proceedings of the IEEE/WIC/ACM International Conference on Web Intelligence},
year = {2007}
}

@article{Guha:2005vj,
author = {Guha, R and Kumar, R and Sivakumar, D and Sundaram, R},
title = {{Unweaving a web of documents}},
journal = {Proceedings of the eleventh ACM SIGKDD international conference on Knowledge discovery in data mining},
year = {2005}
}

@article{Leskovec:2009uf,
author = {Leskovec, J and Backstrom, L and Kleinberg, J},
title = {{Meme-tracking and the dynamics of the news cycle}},
journal = {Proceedings of the 15th ACM SIGKDD International Conference on Knowledge Discovery and Data Mining},
year = {2009}
}

@article{Parikh:2009uf,
author = {Parikh, N and Sundaresan, N},
title = {{Buzz-based recommender system}},
journal = {Proceedings of the 18th international conference on World wide web},
year = {2009}
}

@article{Nallapati:2002vd,
author = {Nallapati, R and Allan, J},
title = {{Capturing term dependencies using a language model based on sentence trees}},
journal = {Proceedings of the eleventh international conference on Information and knowledge management},
year = {2002}
}

@article{Sreenivas:2004wq,
author = {Sreenivas, G and Sivakumar, D},
title = {{Framework and algorithms for trend analysis in massive temporal data sets}},
journal = {Conference on Information and Knowledge Management: Proceedings of the thirteenth ACM international conference on Information and knowledge management},
year = {2004}
}

@article{Zhang:2009ty,
author = {Zhang, Y and Tsai, FS},
title = {{Combining named entities and tags for novel sentence detection}},
journal = {Proceedings of the WSDM'09 Workshop on Exploiting Semantic Annotations in Information Retrieval},
year = {2009}
}

@article{He:2007te,
author = {He, Q and Chang, K and Lim, EP},
title = {{Analyzing feature trajectories for event detection}},
journal = {Proceedings of the 30th annual international ACM SIGIR conference on Research and development in information retrieval},
year = {2007}
}

@article{Nguyen:2008vt,
author = {Nguyen, H and Parikh, N and Sundaresan, N},
title = {{A software system for buzz-based recommendations}},
journal = {Proceeding of the 14th ACM SIGKDD international conference on Knowledge discovery and data mining},
year = {2008}
}

@article{Bun:2002ue,
author = {Bun, KK and Ishizuka, M},
title = {{Topic extraction from news archive using TF* PDF algorithm}},
journal = {Proceedings of the 3rd International Conference on Web Information Systems Engineering},
year = {2002}
}

@article{Kleinberg:2003we,
author = {Kleinberg, J},
title = {{Bursty and hierarchical structure in streams}},
journal = {Data Mining and Knowledge Discovery},
year = {2003}
}

@article{Amitay:2004uf,
author = {Amitay, E and Carmel, D and Herscovici, M and Lempel, R and Soffer, A},
title = {{Trend detection through temporal link analysis}},
journal = {Journal of the American Society for Information Science and Technology},
year = {2004}
}

@article{Mei:2005us,
author = {Mei, Q and Zhai, CX},
title = {{Discovering evolutionary theme patterns from text: an exploration of temporal text mining}},
journal = {Proceedings of the eleventh ACM SIGKDD international conference on Knowledge discovery in data mining},
year = {2005}
}

@article{Fung:2005wl,
author = {Fung, GPC and Yu, JX and Yu, PS and Lu, H},
title = {{Parameter free bursty events detection in text streams}},
journal = {Proceedings of the 31st international conference on Very large data bases},
year = {2005}
}

@article{Morinaga:2004tm,
author = {Morinaga, S and Yamanishi, K},
title = {{Tracking dynamics of topic trends using a finite mixture model}},
journal = {Proceedings of the tenth ACM SIGKDD international conference on Knowledge discovery and data mining},
year = {2004}
}

@article{Kumar:2005ua,
author = {Kumar, R and Novak, J and Raghavan, P and Tomkins, A},
title = {{On the bursty evolution of blogspace}},
journal = {World Wide Web},
year = {2005}
}

@article{Chen:2009tk,
author = {Chen, L and Roy, A},
title = {{Event detection from Flickr data through wavelet-based spatial analysis}},
journal = {Proceeding of the 18th ACM conference on Information and knowledge management},
year = {2009}
}

@article{Wang:2006vw,
author = {Wang, X and McCallum, A},
title = {{Topics over time: a non-Markov continuous-time model of topical trends}},
journal = {Proceedings of the 12th ACM SIGKDD international conference on Knowledge discovery and data mining},
year = {2006}
}

@article{Wun:2007uv,
author = {Wun, Alex and Cheung, Alex and Jacobsen, Hans-Arno},
title = {{A Taxonomy for Denial of Service Attacks in Content-based Publish/Subscribe Systems}},
journal = {Proceedings of the International Conference on Distributed Event-based Systems},
year = {2007}
}

@article{Chen:2009uw,
author = {Chen, Jianxia and Ramaswamy, Lakshmish and Lowenthal, David},
title = {{Towards efficient event aggregation in a decentralized publish-subscribe system}},
journal = {DEBS '09: Proceedings of the Third ACM International Conference on Distributed Event-Based Systems},
year = {2009}
}

@article{Venugopal:2006ut,
author = {Venugopal, Srikumar and Buyya, Rajkumar and Ramamohanarao, Kotagiri},
title = {{A taxonomy of Data Grids for distributed data sharing, management, and processing}},
journal = {Computing Surveys (CSUR},
year = {2006}
}

@article{Diao:2004vw,
author = {Diao, Y and Rizvi, S and Franklin, M},
title = {{Towards an internet-scale XML dissemination service}},
journal = {{\ldots} conference on Very large data bases- {\ldots}},
year = {2004}
}

@article{Papaemmanouil:2006vu,
author = {Papaemmanouil, O and Ahmad, Y and {\c C}etintemel, U},
title = {{Extensible optimization in overlay dissemination trees}},
journal = {Proceedings of the {\ldots}},
year = {2006}
}

@article{Majumder:2009wb,
author = {Majumder, A and Shrivastava, N and Rastogi, R},
title = {{Scalable Content-Based Routing in Pub/Sub Systems}},
journal = {IEEE INFOCOM 2009. {\ldots}},
year = {2009}
}

@article{Hou:tq,
author = {Hou, G and Jacobsen, H},
title = {{Routing of XML and XPath Queries in Data Dissemination Networks}},
journal = {padres.msrg.toronto.edu}
}

@article{Chand:2007wk,
author = {Chand, R and Felber, P and Garofalakis, M},
title = {{Tree-Pattern Similarity Estimation for Scalable Content-based Routing}},
journal = {Data Engineering, 2007. ICDE 2007. IEEE 23rd International Conference on},
year = {2007}
}

@article{Carzaniga:2004wh,
author = {Carzaniga, A and Rutherford, MJ and Wolf, AL},
title = {{A routing scheme for content-based networking}},
journal = {INFOCOM 2004. Twenty-third AnnualJoint Conference of the IEEE Computer and Communications Societies},
year = {2004}
}

@article{Schafer:2001tm,
author = {Schafer, JB and Konstan, JA and Riedl, J},
title = {{E-commerce recommendation applications}},
journal = {Data Mining and Knowledge Discovery},
year = {2001}
}

@article{Hayes:2008vt,
author = {Hayes, B},
title = {{The Britney Spears problem}},
journal = {American scientist},
year = {2008}
}

@article{Alon:1996ue,
author = {Alon, N and Matias, Y and Szegedy, M},
title = {{The space complexity of approximating the frequency moments}},
journal = {{\ldots} of the twenty-eighth annual ACM {\ldots}},
year = {1996}
}

@article{Chakrabarti:2007tw,
author = {Chakrabarti, A and Cormode, G},
title = {{A near-optimal algorithm for computing the entropy of a stream}},
journal = {Proceedings of the {\ldots}},
year = {2007}
}

@article{Cormode:2005tp,
author = {Cormode, G and Muthukrishnan, S},
title = {{What's hot and what's not: tracking most frequent items dynamically}},
journal = {ACM Transactions on Database {\ldots}},
year = {2005}
}

@article{Demaine:2002uq,
author = {Demaine, E and L{\'o}pez-Ortiz, A and Munro, J},
title = {{Frequency estimation of internet packet streams with limited space}},
journal = {Algorithms---ESA 2002},
year = {2002}
}

@article{Dimitropoulos:2008th,
author = {Dimitropoulos, X and Hurley, P and Kind, A},
title = {{Probabilistic lossy counting: an efficient algorithm for finding heavy hitters}},
journal = {ACM SIGCOMM Computer {\ldots}},
year = {2008}
}

@article{Estan:2003vo,
author = {Estan, C and Varghese, G},
title = {{New directions in traffic measurement and accounting: Focusing on the elephants, ignoring the mice}},
journal = {ACM Transactions on Computer Systems},
year = {2003}
}

@article{Karp:2003ub,
author = {Karp, Richard and Shenker, Scott and Papadimitriou, Christos},
title = {{A simple algorithm for finding frequent elements in streams and bags}},
journal = {Transactions on Database Systems (TODS},
year = {2003}
}

@article{Manku:1998uh,
author = {Manku, Gurmeet and Rajagopalan, Sridhar and Lindsay, Bruce},
title = {{Approximate medians and other quantiles in one pass and with limited memory}},
journal = {SIGMOD '98: Proceedings of the 1998 ACM SIGMOD international conference on Management of data},
year = {1998}
}

@article{Manku:2002vi,
author = {Manku, Gurmeet and Motwani, Rajeev},
title = {{Approximate frequency counts over data streams}},
journal = {VLDB '02: Proceedings of the 28th international conference on Very Large Data Bases},
year = {2002}
}

@article{Metwally:2008wl,
author = {Metwally, Ahmed and Agrawal, Divyakant and Abbadi, Amr},
title = {{Why go logarithmic if we can go linear?: Towards effective distinct counting of search traffic}},
journal = {EDBT '08: Proceedings of the 11th international conference on Extending database technology: Advances in database technology},
year = {2008}
}

@article{Katakis:2009uf,
author = {Katakis, I and Tsoumakas, G and Banos, E and Bassiliades, N},
title = {{An adaptive personalized news dissemination system}},
journal = {Journal of Intelligent {\ldots}},
year = {2009}
}

@article{Mooney:2000tc,
author = {Mooney, R and Roy, L},
title = {{Content-based book recommending using learning for text categorization}},
journal = {Proceedings of the fifth ACM conference on {\ldots}},
year = {2000}
}

@article{Chen:2001tl,
author = {Chen, H and Chen, A},
title = {{A music recommendation system based on music data grouping and user interests}},
journal = {{\ldots} of the tenth international conference on {\ldots}},
year = {2001}
}

@article{Donaldson:2007ws,
author = {Donaldson, J},
title = {{A hybrid social-acoustic recommendation system for popular music}},
journal = {Proceedings of the 2007 ACM Conference on Recommender Systems},
year = {2007}
}

@article{Kaminskas:2009vr,
author = {Kaminskas, M},
title = {{Matching information content with music}},
journal = {Proceedings of the third ACM conference on {\ldots}},
year = {2009}
}

@inproceedings{schlimmer@aaai1986,
  title={Beyond Incremental Processing: Tracking Concept Drift.},
  author={Schlimmer, Jeffrey C and Granger, Richard H},
  booktitle={AAAI},
  pages={502--507},
  year={1986}
}

@article{widmer@ml1996,
  title={Learning in the presence of concept drift and hidden contexts},
  author={Widmer, Gerhard and Kubat, Miroslav},
  journal={Machine learning},
  volume={23},
  number={1},
  pages={69--101},
  year={1996},
  publisher={Springer}
}

@inproceedings{xiang@kdd2010,
  title={Temporal recommendation on graphs via long-and short-term preference fusion},
  author={Xiang, Liang and Yuan, Quan and Zhao, Shiwan and Chen, Li and Zhang, Xiatian and Yang, 
  Qing and Sun, Jimeng},
  booktitle={Proceedings of the 16th ACM SIGKDD international conference on Knowledge discovery 
  and data mining},
  pages={723--732},
  year={2010},
  organization={ACM}
}

@article{cacheda@tweb2011,
  title={Comparison of collaborative filtering algorithms: Limitations of current techniques and 
  proposals for scalable, high-performance recommender systems},
  author={Cacheda, Fidel and Carneiro, V{\'\i}ctor and Fern{\'a}ndez, Diego and Formoso, Vreixo},
  journal={ACM Transactions on the Web (TWEB)},
  volume={5},
  number={1},
  pages={2},
  year={2011},
  publisher={ACM}
}

@inproceedings{lathia@sigir2009,
  title={Temporal collaborative filtering with adaptive neighbourhoods},
  author={Lathia, Neal and Hailes, Stephen and Capra, Licia},
  booktitle={Proceedings of the 32nd international ACM SIGIR conference on Research and 
  development in information retrieval},
  pages={796--797},
  year={2009},
  organization={ACM}
}

@article{koren@cacm2010,
  title={Collaborative filtering with temporal dynamics},
  author={Koren, Yehuda},
  journal={Communications of the ACM},
  volume={53},
  number={4},
  pages={89--97},
  year={2010},
  publisher={ACM}
}

@article{Golbeck:2006vh,
author = {Golbeck, J and Hendler, J},
title = {{Filmtrust: Movie recommendations using trust in web-based social networks}},
journal = {Third IEEE Consumer Communications and Networking Conference},
year = {2006}
}

@article{wansink@jar2000,
  title={Methods and measures that profile heavy users},
  author={Wansink, Brian and Park, Sea Bum},
  journal={Journal of Advertising Research},
  volume={40},
  number={4},
  pages={61--72},
  year={2000},
}

@article{Schein:2002tj,
author = {Schein, A and Popescul, A and Ungar, L},
title = {{Methods and metrics for cold-start recommendations}},
journal = {Proceedings of the 25th Annual International ACM SIGIR Conference on Research and Development in Information Retrieval},
year = {2002}
}

@article{Vargas:2011tz,
author = {Vargas, S and Castells, P},
title = {{Intent-Oriented Diversity in Recommender Systems}},
journal = {Proceedings of the 34th International ACM SIGIR Conference on Research and Development in Information},
year = {2011}
}

@article{Farber:2002uy,
author = {F{\"a}rber, J},
title = {{Network game traffic modelling}},
journal = {Proceedings of the 1st workshop on Network and {\ldots}},
year = {2002}
}

@article{Liu:2005wv,
author = {Liu, H and Ramasubramanian, V and Sirer, E},
title = {{Client behavior and feed characteristics of RSS, a publish-subscribe system for web micronews}},
journal = {Proc. of ACM Internet {\ldots}},
year = {2005}
}

@article{Yue:jyqJo8am,
author = {Yue, L},
title = {{Subscription partitioning and routing in content-based publish/subscribe systems}}
}

@article{Chen:2003ti,
author = {Chen, X and Chen, Y and Rao, F},
title = {{An efficient spatial publish/subscribe system for intelligent location-based services}},
journal = {Proceedings of the 2nd international workshop on Distributed event-based systems},
year = {2003}
}

@article{Meier:2005ul,
author = {Meier, R and Cahill, V},
title = {{Taxonomy of distributed event-based programming systems}},
journal = {The Computer Journal},
year = {2005}
}

@article{Rose:2007tm,
author = {Rose, I and Murty, R and Pietzuch, P and Ledlie, J and Roussopoulos, M and Welsh, M},
title = {{Cobra: Content-based filtering and aggregation of blogs and RSS feeds}},
journal = {Proc. USENIX NSDI},
year = {2007}
}

@article{Henderson:2001uk,
author = {Henderson, T},
title = {{Latency and user behaviour on a multiplayer game server}},
journal = {Networked Group Communication},
year = {2001}
}

@article{Bharambe:2002vj,
author = {Bharambe, Ashwin and Rao, Sanjay and Seshan, Srinivasan},
title = {{Mercury: a scalable publish-subscribe system for internet games}},
journal = {Proceedings of the First Workshop on Network and System Support for Games},
year = {2002}
}

@article{Liu:2005wva,
author = {Liu, Hongzhou and Ramasubramanian, Venugopalan and Sirer, Emin},
title = {{Client behavior and feed characteristics of RSS, a publish-subscribe system for web micronews}},
journal = {Proceedings of the 5th ACM SIGCOMM Conference on Internet Measurement},
year = {2005}
}

@article{Anonymous:Hia2c_Bw,
title = {{citation.cfm?id=1531716{\&}dl=GUIDE{\&}coll=GUIDE{\&}CFID=90893628{\&}CFTOKEN=81410560}}
}

@article{Boim:2008us,
author = {Boim, R and Milo, T},
title = {{Enriching topic-based publish-subscribe systems with related content}},
journal = {Proceedings of the 2008 ACM SIGMOD international conference on Management of data},
year = {2008}
}

@book{Fiege:2003wu,
author = {Fiege, L and Gartner, F and Kasten, O and Zeidler, A},
title = {{Supporting mobility in content-based publish/subscribe middleware}},
year = {2003}
}

@article{Koloniari:2003vy,
author = {Koloniari, G and Pitoura, E},
title = {{Bloom-based filters for hierarchical data}},
journal = {Proc. 5th Workshop on Distributed Data and {\ldots}},
year = {2003}
}

@article{Cao:2004wg,
author = {Cao, F and Singh, JP},
title = {{Efficient event routing in content-based publish/subscribe service networks}},
journal = {IEEE INFOCOM},
year = {2004}
}

@article{Yan:1999vw,
author = {Yan, T and Garcia-Molina, H},
title = {{The SIFT information dissemination system}},
journal = {ACM Transactions on Database {\ldots}},
year = {1999}
}

@article{Hurley:2011hb,
author = {Hurley, Neil and Zhang, Mi},
title = {{Novelty and Diversity in Top-N Recommendation -- Analysis and Evaluation}},
journal = {ACM Transactions on Internet Technology},
year = {2011}
}

@article{Yan:1995vx,
author = {Yan, TW and Garcia-Molina, H},
title = {{SIFT-a tool for wide-area information dissemination}},
journal = {Proceedings of the 1995 USENIX Technical Conference},
year = {1995}
}

@article{Jiang:2006wh,
author = {Jiang, X and Xu, D},
title = {{Profiling self-propagating worms via behavioral footprinting}},
journal = {Proceedings of the 4th ACM workshop on Recurring malcode},
year = {2006}
}

@article{Foltz:1992vx,
author = {Foltz, PW and Dumais, ST},
title = {{Personalized information delivery: An analysis of information filtering methods}},
journal = {Communications of the ACM},
year = {1992}
}

@article{Shardanand:1995ut,
author = {Shardanand, U and Maes, P},
title = {{Social information filtering: algorithms for automating ``word of mouth''}},
journal = {Proceedings of the SIGCHI conference on Human factors in computing systems},
year = {1995}
}

@article{Pazzani:2007ws,
author = {Pazzani, M and Billsus, D},
title = {{Content-based recommendation systems}},
journal = {The adaptive web},
year = {2007}
}

@article{Quiroga:2002tw,
author = {Quiroga, LM and Mostafa, J},
title = {{An experiment in building profiles in information filtering: the role of context of user relevance feedback}},
journal = {Information processing {\&} management},
year = {2002}
}

@article{Hanani:2001tv,
author = {Hanani, U and Shapira, B and Shoval, P},
title = {{Information filtering: Overview of issues, research and systems}},
journal = {User Modeling and User-Adapted Interaction},
year = {2001}
}

@article{Rucker:1997ta,
author = {Rucker, J and Polanco, MJ},
title = {{Personalized navigation for the web}},
journal = {Communications of the ACM},
year = {1997}
}

@article{Lai:uo,
author = {Lai, CH and Liu, DR},
title = {{Knowledge Flow-Based Document Recommendation for Knowledge Sharing}},
journal = {Knowledge Science, Engineering and Management}
}

@article{Gunduz:tb,
author = {G{\"u}nd{\"u}z, {\c S} and {\"O}zsu, MT},
title = {{Recommendation models for user accesses to web pages}},
journal = {Artificial Neural Networks and Neural Information Processing---ICANN/ICONIP 2003}
}

@article{Riggs:2001vu,
author = {Riggs, T and Wilensky, R},
title = {{An algorithm for automated rating of reviewers}},
journal = {Proceedings of the 1st ACM/IEEE-CS joint conference on Digital libraries},
year = {2001}
}

@article{Zhen:2009um,
author = {Zhen, L and Huang, GQ and Jiang, Z},
title = {{Recommender system based on workflow}},
journal = {Decision Support Systems},
year = {2009}
}

@article{Anonymous:z-_psgqg,
title = {{p62-middleton}},
year = {2003}
}

@article{Loeb:1992vc,
author = {Loeb, Shoshana and Terry, Douglas},
title = {{Information filtering}},
journal = {Communications of the ACM},
year = {1992}
}

@article{Yan:1995tp,
author = {Yan, Tak and Garcia-Molina, Hector},
title = {{Duplicate Removal in Information System Dissemination}},
journal = {VLDB '95: Proceedings of the 21th International Conference on Very Large Data Bases},
year = {1995}
}

@article{Loeb:1992uc,
author = {Loeb, Shoshana},
title = {{Architecting personalized delivery of multimedia information}},
journal = {Communications of the ACM},
year = {1992}
}

@article{Cohn:1994un,
author = {Cohn, D and Atlas, L},
title = {{Improving generalization with active learning}},
journal = {Machine Learning},
year = {1994}
}

@article{Hanani:2001tva,
author = {Hanani, U and Shapira, B and Shoval, P},
title = {{Information filtering: Overview of issues, research and systems}},
journal = {User Modeling and User-Adapted Interaction},
year = {2001}
}

@article{Shardanand:1994us,
author = {Shardanand, U},
title = {{Social information filtering for music recommendation}},
journal = {Citeseer},
year = {1994}
}

@article{Cranor:1998vj,
author = {Cranor, L and LaMacchia, B},
title = {{Spam!}},
journal = {Communications of the ACM},
year = {1998}
}

@article{Goodman:2007uu,
author = {Goodman, J and Cormack, G},
title = {{Spam and the ongoing battle for the inbox}},
journal = {Communications of the ACM},
year = {2007}
}

@article{Ramachandran:2006wk,
author = {Ramachandran, A and Feamster, N},
title = {{Understanding the network-level behavior of spammers}},
journal = {ACM SIGCOMM Computer {\ldots}},
year = {2006}
}

@article{Gomes:2007wc,
author = {Gomes, L and Cazita, C and Almeida, J and Almeida, V},
title = {{Workload models of spam and legitimate e-mails}},
journal = {Performance Evaluation},
year = {2007}
}

@article{Liu:2001wa,
author = {Liu, Y and Plale, B},
title = {{Survey of publish subscribe event systems}},
journal = {Indiana University},
year = {2001}
}

@article{Liang:2008tm,
author = {Liang, TP and Yang, YF and Chen, DN and Ku, YC},
title = {{A semantic-expansion approach to personalized knowledge recommendation}},
journal = {Decision Support Systems},
year = {2008}
}

@article{Li:2004up,
author = {Li, Y and Zhong, N},
title = {{Web mining model and its applications for information gathering}},
journal = {Knowledge-Based Systems},
year = {2004}
}

@article{YuefengLi:2006vj,
author = {Yuefeng Li and Ning Zhong},
title = {{Mining ontology for automatically acquiring Web user information needs}},
journal = {Knowledge and Data Engineering, IEEE Transactions on},
year = {2006}
}

@article{Wang:2008ua,
author = {Wang, Y and Dai, W and Yuan, Y},
title = {{Website browsing aid: A navigation graph-based recommendation system}},
journal = {Decision Support Systems},
year = {2008}
}

@article{Mooney:2000tca,
author = {Mooney, Raymond and Roy, Loriene},
title = {{Content-based book recommending using learning for text categorization}},
journal = {Proceedings of the fifth ACM Conference on Digital Libraries},
year = {2000}
}

@article{RibeiroNeto:2005uf,
author = {Ribeiro-Neto, Berthier and Cristo, Marco and Golgher, Paulo and Moura, Edleno},
title = {{Impedance coupling in content-targeted advertising}},
journal = {Proceedings of the 28th International ACM SIGIR Conference on Research and Development in Information Retrieval},
year = {2005}
}

@article{Cortez:2010uj,
author = {Cortez, E and da Silva, AS and Gon{\c c}alves, MA and de Moura, ES},
title = {{ONDUX: on-demand unsupervised learning for information extraction}},
journal = {Proceedings of the 2010 international conference on Management of data},
year = {2010}
}

@article{DeAssis:2009ty,
author = {De Assis, GT and Laender, AHF and Gon{\c c}alves, MA and da Silva, AS},
title = {{A genre-aware approach to focused crawling}},
journal = {World Wide Web},
year = {2009}
}

@article{Laender:2002to,
author = {Laender, AHF and Ribeiro-Neto, BA and da Silva, AS and Teixeira, JS},
title = {{A brief survey of web data extraction tools}},
journal = {ACM Sigmod Record},
year = {2002}
}

@article{Etzioni:2005us,
author = {Etzioni, O and Cafarella, M and Downey, D and Popescu, AM and Shaked, T and Soderland, S and Weld, DS and Yates, A},
title = {{Unsupervised named-entity extraction from the web: An experimental study}},
journal = {Artificial Intelligence},
year = {2005}
}

@article{Wang:2003uu,
author = {Wang, J and Lochovsky, FH},
title = {{Data extraction and label assignment for web databases}},
journal = {Proceedings of the 12th international conference on World Wide Web},
year = {2003}
}

@article{Rahm:2001ui,
author = {Rahm, E},
title = {{A survey of approaches to automatic schema matching}},
journal = {The VLDB Journal},
year = {2001}
}

@article{OSullivan:2004tk,
author = {O'Sullivan, D and Smyth, B and Wilson, DC and Mcdonald, K and Smeaton, A},
title = {{Improving the quality of the personalized electronic program guide}},
journal = {User Modeling and User-Adapted Interaction},
year = {2004}
}

@article{Martinez:2009vq,
author = {Martinez, A and Arias, J and Vilas, A and Duque, G and Nores, L},
title = {{What's on TV tonight? An efficient and effective personalized recommender system of TV programs}},
journal = {Consumer Electronics, IEEE Transactions on},
year = {2009}
}

@article{Gargi:2010uo,
author = {Gargi, U and Gossweiler, R},
title = {{QuickSuggest: character prediction on web appliances}},
journal = {Proceedings of the 19th international conference on World wide web},
year = {2010}
}

@article{Montebello:1998hs,
author = {Montebello, M},
title = {{Information overload-an IR problem?}},
journal = {String Processing and Information Retrieval: A South American Symposium, 1998. Proceedings},
year = {1998}
}

@article{Bergamaschi:2010js,
author = {Bergamaschi},
title = {{Guest Editors' Introduction: Information Overload}},
journal = {Internet Computing, IEEE},
year = {2010}
}

@article{Guy:2010wv,
author = {Guy, I and Jaimes, A and Agull{\'o}, P and Moore, P and Nandy, P and Nastar, C and Schinzel, H},
title = {{Will recommenders kill search?: recommender systems-an industry perspective}},
journal = {Proceedings of the fourth ACM Conference on Recommender Systems},
year = {2010}
}

@article{Ali:2004uk,
author = {Ali, Kamal and Stam, Wijnand},
title = {{TiVo: making show recommendations using a distributed collaborative filtering architecture}},
journal = {KDD '04: Proceedings of the tenth ACM SIGKDD international conference on Knowledge discovery and data mining},
year = {2004}
}

@article{koren@comp2009,
  title={Matrix factorization techniques for recommender systems},
  author={Koren, Yehuda and Bell, Robert and Volinsky, Chris},
  journal={Computer},
  volume={42},
  number={8},
  pages={30--37},
  year={2009},
}

@article{koren@tkdd2010,
author = {Koren, Y},
title = {{Factor in the neighbors: Scalable and accurate collaborative filtering}},
journal = {ACM Transactions on Knowledge Discovery from Data},
year = {2010},
volume={4},
number={1},
pages={1--24}
}

@article{Baraglia:2010fz,
author = {Baraglia, R and Mordacchini, M and Dazzi, P},
title = {{A P2P REcommender System based on Gossip Overlays (PREGO)}},
journal = {Computer and Information Technology (CIT), 2010 IEEE 10th International Conference on},
year = {2010}
}

@article{Kurashima:2010va,
author = {Kurashima, Takeshi and Iwata, Tomoharu and Irie, Go and Fujimura, Ko},
title = {{Travel route recommendation using geotags in photo sharing sites}},
journal = {CIKM '10: Proceedings of the 19th ACM international conference on Information and knowledge management},
year = {2010}
}

@article{Ricci:2002tl,
author = {Ricci, F},
title = {{Travel recommender systems}},
journal = {IEEE Intelligent Systems},
year = {2002}
}

@article{Ghazanfar:2010vp,
author = {Ghazanfar, M and Prugel-Bennett, A},
title = {{Building Switching Hybrid Recommender System Using Machine Learning Classifiers and Collaborative Filtering}},
journal = {IAENG International Journal of Computer Science},
year = {2010}
}

@article{deGemmis:2009tw,
author = {de Gemmis, M and Iaquinta, L and Lops, P and Musto, C and Narducci, F and Semeraro, G},
title = {{Preference learning in recommender systems}},
journal = {PREFERENCE LEARNING},
year = {2009}
}

@article{BenGurion:2002wf,
author = {Ben-Gurion, G and Shani, G and Brafman, R},
title = {{An MDP-Based Recommender System}},
journal = {Journal of Machine {\ldots}},
year = {2002}
}

@article{Zhang:2002vs,
author = {Zhang, T and Iyengar, VS},
title = {{Recommender systems using linear classifiers}},
journal = {The Journal of Machine Learning Research},
year = {2002}
}

@article{Taghipour:2007wf,
author = {Taghipour, N and Kardan, A and Ghidary, SS},
title = {{Usage-based web recommendations: a reinforcement learning approach}},
journal = {Proceedings of the 2007 ACM Conference on Recommender Systems},
year = {2007}
}

@article{Mooney:2000tcb,
author = {Mooney, RJ and Roy, L},
title = {{Content-based book recommending using learning for text categorization}},
journal = {Proceedings of the fifth ACM Conference on Digital Libraries},
year = {2000}
}

@article{Pronk:2007um,
author = {Pronk, V and Verhaegh, W and Proidl, A and Tiemann, M},
title = {{Incorporating user control into recommender systems based on naive bayesian classification}},
journal = {Proceedings of the 2007 ACM Conference on Recommender Systems},
year = {2007}
}

@article{Pagonis:2010uz,
author = {Pagonis, J and Clark, AF},
title = {{Engene: A genetic algorithm classifier for content-based recommender systems that does not require continuous user feedback}},
journal = {Computational Intelligence (UKCI), 2010 UK Workshop on},
year = {2010}
}

@article{Anagnostopoulos:2007um,
author = {Anagnostopoulos, Aris and Broder, Andrei and Gabrilovich, Evgeniy and Josifovski, Vanja and Riedel, Lance},
title = {{Just-in-time contextual advertising}},
journal = {Proceedings of the 16th ACM International Conference on Information and Knowledge Management},
year = {2007}
}

@article{Buckley:2004wo,
author = {Buckley, Chris and Voorhees, Ellen},
title = {{Retrieval evaluation with incomplete information}},
journal = {Proceedings of the 27th International ACM SIGIR Conference on Research and Development in Information Retrieval},
year = {2004}
}

@article{Carpineto:2001tb,
author = {Carpineto, Claudio and Mori, Renato and Romano, Giovanni and Bigi, Brigitte},
title = {{An information-theoretic approach to automatic query expansion}},
journal = {ACM Transactions on Information Systems},
year = {2001}
}

@article{Carpineto:1999wc,
author = {Carpineto, Claudio and Romano, Giovanni},
title = {{Towards More Effective Techniques for Automatic Query Expansion}},
journal = {Proceedings of the 3rd European Conference on Research and Advanced Technology for Digital Libraries},
year = {1999}
}

@article{Carterette:2010tg,
author = {Carterette, Ben and Kanoulas, Evangelos and Yilmaz, Emine},
title = {{Low cost evaluation in information retrieval}},
journal = {Proceeding of the 33rd International ACM SIGIR Conference on Research and Development in Information Retrieval},
year = {2010}
}

@article{Croft:2009ws,
author = {Croft, Bruce and Metzler, Donald and Strohman, Trevor},
title = {{Search Engines Information Retrieval in Practice}},
journal = {Search Engines Information Retrieval in Practice},
year = {2009}
}

@article{Gabrilovich:2005ta,
author = {Gabrilovich, Evgeniy and Markovitch, Shaul},
title = {{Feature generation for text categorization using world knowledge}},
journal = {Proceedings of the 19th International Joint Conference on Artificial intelligence},
year = {2005}
}

@article{Glover:2001tx,
author = {Glover, Eric and Flake, Gary and Lawrence, Steve and Kruger, Andries and Pennock, David and Birmingham, William and Giles, C},
title = {{Improving Category Specific Web Search by Learning Query Modifications}},
journal = {Proceedings of the 2001 Symposium on Applications and the Internet},
year = {2001}
}

@article{Han:2000wt,
author = {Han, Eui-Hong and Karypis, George},
title = {{Centroid-Based Document Classification: Analysis and Experimental Results}},
journal = {Proceedings of the 4th European Conference on Principles of Data Mining and Knowledge Discovery},
year = {2000}
}

@article{Kullback:1951va,
author = {Kullback, S},
title = {{On information and sufficiency}},
journal = {The Annals of Mathematical Statistics},
year = {1951}
}

@article{Oyama:2001tq,
author = {Oyama, Satoshi and Kokubo, Takashi and Ishida, Toru and Yamada, Teruhiro and Kitamura, Yasuhiko},
title = {{Keyword spices: a new method for building domain-specific web search engines}},
journal = {Proceedings of the 17th International Joint Conference on Artificial Intelligence},
year = {2001}
}

@article{Pahlevi:2005vd,
author = {Pahlevi, Said and Kitagawa, Hiroyuki},
title = {{Conveying taxonomy context for topic-focused Web search: Research Articles}},
journal = {Journal of the American Society for Information Science and Technology},
year = {2005}
}

@article{Rocchio:1971wo,
author = {Rocchio, J},
title = {{The SMART retrieval system}},
journal = {Relevance Feedback in Information Retrieval},
year = {1971}
}

@article{Rocchio:1971tk,
author = {Rocchio, J},
title = {{Relevance feedback in information retrieval}},
journal = {The SMART retrieval system: experiments in automatic document processing},
year = {1971}
}

@article{Salton:1989tb,
author = {Salton, Gerard},
title = {{Automatic text processing: the transformation, analysis, and retrieval of information by computer}},
journal = {Addison-Wesley Longman Publishing Co., Inc.},
year = {1989}
}

@article{Rijsbergen:1979vr,
author = {Rijsbergen, C J Van},
title = {{Information Retrieval}},
journal = {Information Retrieval},
year = {1979}
}

@article{Voorhees:1998vd,
author = {Voorhees, E and Harman, D},
title = {{Overview of the seventh text retrieval conference (TREC-7)}},
journal = {Proceedings of the Seventh Text REtrieval Conference},
year = {1998}
}

@article{Yilmaz:2006wi,
author = {Yilmaz, E},
title = {{Estimating average precision with incomplete and imperfect judgments}},
journal = {Proceedings of the 15th ACM International Conference on Information and Knowledge Management},
year = {2006}
}

@article{Pahlevi:2005vda,
author = {Pahlevi, Said and Kitagawa, Hiroyuki},
title = {{Conveying taxonomy context for topic-focused Web search: Research Articles}},
journal = {Journal of the American Society for Information Science and Technology},
year = {2005}
}

@article{Pearsons:1900tk,
author = {Pearsons, K},
title = {{On the criterion that a given system of deviations from the probable in the case of a correlated system of variables is such that it can be reasonably supposed to have arisen from random sampling}},
journal = {Philos Magazine},
year = {1900}
}

@article{Ziegler:2004wq,
author = {Ziegler, Cai-Nicolas and Schmidt-Thieme, Lars and Lausen, Georg},
title = {{Exploiting semantic product descriptions for recommender systems}},
journal = {Proceedings of the 2nd ACM SIGIR Semantic Web and Information Retrieval Workshop},
year = {2004}
}

@article{Hung:2005uu,
author = {Hung, Lun-ping},
title = {{A personalized recommendation system based on product taxonomy for one-to-one marketing online}},
journal = {Expert Systems with Applications: An International Journal},
year = {2005}
}

@article{Ziegler:2008ty,
author = {Ziegler, Cai-Nicolas and Lausen, Georg and Konstan, Joseph},
title = {{On exploiting classification taxonomies in recommender systems}},
journal = {AI Communications},
year = {2008}
}

@article{zobel2006inverted,
author = {Zobel, Justin and Moffat, Alistair},
title = {{Inverted files for text search engines}},
journal = {ACM Computing Surveys},
year = {2006}
}

@article{Ghosh:2010vz,
author = {Ghosh, R and Lerman, K},
title = {{Predicting influential users in online social networks}},
journal = {SNA-KDD: Proceedings of KDD Workshop on Social Network Analysis},
year = {2010}
}

@inproceedings{Desarkar:2010ix,
author = {Desarkar, Maunendra Sankar and Sarkar, Sudeshna and Mitra, Pabitra},
title = {{Proceedings of the fourth ACM conference on Recommender systems - RecSys '10}},
booktitle = {the fourth ACM conference},
year = {2010}
}

@article{Pilaszy:2009td,
author = {Pil{\'a}szy, Istv{\'a}n and Tikk, Domonkos},
title = {{Recommending new movies: even a few ratings are more valuable than metadata}},
journal = {Proceedings of the third ACM Conference on Recommender Systems},
year = {2009}
}

@article{Schein:2002tja,
author = {Schein, Andrew and Popescul, Alexandrin and Ungar, Lyle and Pennock, David},
title = {{Methods and metrics for cold-start recommendations}},
journal = {SIGIR '02: Proceedings of the 25th annual international ACM SIGIR conference on Research and development in information retrieval},
year = {2002}
}

@article{Konstan:2004wo,
author = {Konstan, Joseph},
title = {{Introduction to recommender systems: Algorithms and Evaluation}},
journal = {Transactions on Information Systems (TOIS},
year = {2004}
}

@article{Lam:2008tw,
author = {Lam, Xuan and Vu, Thuc and Le, Trong and Duong, Anh},
title = {{Addressing cold-start problem in recommendation systems}},
journal = {ICUIMC '08: Proceedings of the 2nd international conference on Ubiquitous information management and communication},
year = {2008}
}

@article{Cremonesi:2009wb,
author = {Cremonesi, Paolo and Turrin, Roberto},
title = {{Analysis of cold-start recommendations in IPTV systems}},
journal = {Proceedings of the third ACM Conference on Recommender Systems},
year = {2009}
}

@article{Givon:2009tc,
author = {Givon, Sharon and Lavrenko, Victor},
title = {{Predicting social-tags for cold start book recommendations}},
journal = {Proceedings of the third ACM Conference on Recommender Systems},
year = {2009}
}

@article{Schein:2002tjb,
author = {Schein, Andrew and Popescul, Alexandrin and Ungar, Lyle and Pennock, David},
title = {{Methods and metrics for cold-start recommendations}},
journal = {SIGIR '02: Proceedings of the 25th annual international ACM SIGIR conference on Research and development in information retrieval},
year = {2002}
}

@article{Victor:2008tu,
author = {Victor, Patricia and Cornelis, Chris and Teredesai, Ankur and Cock, Martine},
title = {{Whom should I trust?: the impact of key figures on cold start recommendations}},
journal = {SAC '08: Proceedings of the 2008 ACM symposium on Applied computing},
year = {2008}
}

@article{Massa:2007vx,
author = {Massa, Paolo and Avesani, Paolo},
title = {{Trust-aware recommender systems}},
journal = {Proceedings of the 2007 ACM Conference on Recommender Systems},
year = {2007}
}

@article{Gulli:2005wt,
author = {Gulli, A},
title = {{The anatomy of a news search engine}},
journal = {Special interest tracks and posters of the 14th {\ldots}},
year = {2005}
}

@article{Corso:2005wl,
author = {Corso, Gianna and Gull{\'\i}, Antonio and Romani, Francesco},
title = {{Ranking a stream of news}},
journal = {WWW '05: Proceedings of the 14th international conference on World Wide Web},
year = {2005}
}

@article{Laender:2002toa,
author = {Laender, Alberto and Ribeiro-Neto, Berthier and Silva, Altigran and Teixeira, Juliana},
title = {{A brief survey of web data extraction tools}},
journal = {SIGMOD Record},
year = {2002}
}

@article{Anonymous:G6neI7q_,
title = {{10.1.1.87.4817}},
year = {2011}
}

@article{Marlin:2004p19,
author = {Marlin, B},
title = {{Collaborative filtering: A machine learning perspective}},
journal = {Citeseer},
year = {2004}
}

@book{Croft:2009wv,
author = {Croft, W.B. and Metzler, D. and Strohmann, T.},
title = {{Seach Engines: Information Retrieval in Practice}},
publisher = {Pearson},
year = {2009}
}

@phdthesis{Bogers:2009wv,
author = {Bogers, Toine},
title = {{Recommender Systems for Social Bookmarking}},
year = {2009}
}

@article{Baluja:2008wda,
author = {Baluja, S and Seth, R and Sivakumar, D and Jing, Y},
title = {{Video suggestion and discovery for youtube: taking random walks through the view graph}},
journal = {Proceeding of the 17th {\ldots}},
year = {2008}
}

@article{Anonymous:2007tj,
title = {{Apredizagem Ativa em Sistemas de Filtragem Colaborativa}},
year = {2007}
}

@article{Ziegler:2005je,
author = {Ziegler, Cai-Nicolas and Lausen, Georg},
title = {{Propagation Models for Trust and Distrust in Social Networks}},
journal = {Information Systems Frontiers},
year = {2005}
}

@article{Joachims:1998,
author = {Joachims, T},
title = {{Text categorization with support vector machines: Learning with many relevant features}},
journal = {Machine Learning: ECML-98},
year = {1998}
}

@article{Cremonesi:2010ty,
author = {Cremonesi, P and Koren, Y},
title = {{Performance of recommender algorithms on top-n recommendation tasks}},
journal = {{\ldots} conference on Recommender {\ldots}},
year = {2010}
}

@article{Golbandi:2011vea,
author = {Golbandi, N and Koren, Y},
title = {{Adaptive bootstrapping of recommender systems using decision trees}},
journal = {{\ldots} on Web search and data mining},
year = {2011}
}

@article{Kording:2004ca,
author = {K{\"o}rding, Konrad P and Wolpert, Daniel M},
title = {{Bayesian integration in sensorimotor learning}},
journal = {Nature},
year = {2004}
}

@article{King:2009fy,
author = {King, R D and Rowland, J and Oliver, S G and Young, M and Aubrey, W and Byrne, E and Liakata, M and Markham, M and Pir, P and Soldatova, L N and Sparkes, A and Whelan, K E and Clare, A},
title = {{The Automation of Science}},
journal = {Science},
year = {2009}
}

@article{Huang:2007uqa,
author = {Huang, Z},
title = {{Selectively acquiring ratings for product recommendation}},
journal = {Proceedings of the ninth international conference on Electronic commerce},
year = {2007}
}

@inproceedings{Huang:2002dg,
author = {Huang, Zan and Chung, Wingyan and Ong, Thian-Huat and Chen, Hsinchun},
title = {{}},
booktitle = {the second ACM/IEEE-CS joint conference},
year = {2002}
}

@article{Le:2010uw,
author = {Le, Q.T. and Tu, M.P.},
title = {{Active Learning for Co-Clustering Based Collaborative Filtering}},
journal = {Computing and Communication Technologies, Research, Innovation, and Vision for the Future (RIVF), 2010 IEEE RIVF International Conference on},
year = {2010}
}

@article{Karimi:2011wy,
author = {Karimi, R. and Freudenthaler, C. and Nanopoulos, A},
title = {{Towards Optimal Active Learning for Matrix Factorization in Recommender Systems}},
journal = {IEEE International Conference Tools With Artificial Intelligence (ICTAI)},
year = {2011}
}

@article{Birlutiu:vw,
author = {Birlutiu, A. and Groot, P. and Heskes, T.},
title = {{Efficiently Learning the Preferences of People}}
}

@article{Maltz:1995wd,
author = {Maltz, D. and Ehrlich, K.},
title = {{Pointing the way: Active collaborative filtering}},
journal = {Proceedings of the SIGCHI conference on Human factors in computing systems},
year = {1995}
}

@article{Anonymous:2008vo,
title = {{Untitled}},
year = {2008}
}

@inproceedings{Felfernig:2008el,
author = {Felfernig, A and Burke, R},
title = {{Proceedings of the 10th international conference on Electronic commerce - ICEC '08}},
booktitle = {the 10th international conference},
year = {2008}
}

@inproceedings{Balcan:2006jg,
author = {Balcan, Maria-Florina and Beygelzimer, Alina and Langford, John},
title = {{Agnostic active learning}},
booktitle = {ICML '06: Proceedings of the 23rd international conference on Machine learning},
year = {2006}
}

@article{Anonymous:2007vq,
title = {{10.1.1.38.5552}},
year = {2007}
}

@article{Anonymous:2006tk,
title = {{10.1.1.101.2889}},
year = {2006}
}

@article{Anonymous:2001ud,
title = {{2004 BI 19}},
year = {2001}
}

@article{Pu:2008ce,
author = {Pu, Pearl and Chen, Li and Kumar, Pratyush},
title = {{Evaluating product search and recommender systems for E-commerce environments}},
journal = {Electronic Commerce Research},
year = {2008}
}

@article{Anonymous:Tj3R5rCt,
title = {{aaa}},
year = {2006}
}

@article{Herlocker:2002uv,
author = {Herlocker, J and Konstan, JA},
title = {{An empirical analysis of design choices in neighborhood-based collaborative filtering 
algorithms}},
volume={5},
number={4},
pages={287--310},
journal = {Information Retrieval},
year = {2002}
}

@article{Takacs:2007tv,
author = {Tak{\'a}cs, G and Pil{\'a}szy, I and N{\'e}meth, B},
title = {{Major components of the gravity recommendation system}},
journal = {ACM SIGKDD Explorations {\ldots}},
year = {2007}
}

@inproceedings{Good:1999um,
author = {Good, N and Schafer, JB and Konstan, JA and Borchers, A},
title = {{Combining collaborative filtering with personal agents for better recommendations}},
booktitle = {Proceedings of the {\ldots}},
year = {1999}
}

@article{Castagnos:2008vu,
author = {Castagnos, S. and Brun, A. and Boyer, A.},
title = {{Probabilistic association rules for item-based recommender systems}},
journal = {Proceeding of the 2008 conference on STAIRS 2008: Proceedings of the Fourth Starting AI Researchers' Symposium},
year = {2008}
}

@article{Lazcorreta:2008te,
author = {Lazcorreta, E. and Botella, F. and Fern{\'a}ndez-Caballero, A.},
title = {{Towards personalized recommendation by two-step modified Apriori data mining algorithm}},
journal = {Expert Systems With Applications},
year = {2008}
}

@article{Zhang:2007uj,
author = {Zhang, X.Z.},
title = {{Building personalized recommendation system in e-commerce using association rule-based mining and classification}},
journal = {Machine Learning and Cybernetics, 2007 International Conference on},
year = {2007}
}

@article{Zhang:2007ie,
author = {Zhang, Yiyang and Jiao, Jianxin Roger},
title = {{An associative classification-based recommendation system for personalization in B2C e-commerce applications}},
journal = {Expert Systems With Applications},
year = {2007}
}

@article{MA:2009wa,
author = {MA, H},
title = {{Learning to Recommend}},
year = {2009}
}

@inproceedings{Schwab:2000ip,
author = {Schwab, Ingo and Pohl, Wolfgang and Koychev, Ivan},
title = {{Proceedings of the 5th international conference on Intelligent user interfaces - IUI '00}},
booktitle = {the 5th international conference},
year = {2000}
}

@inproceedings{Ma:2009dd,
author = {Ma, Hao and King, Irwin and Lyu, Michael R},
title = {{Proceedings of the 32nd international ACM SIGIR conference on Research and development in information retrieval - SIGIR '09}},
booktitle = {the 32nd international ACM SIGIR conference},
year = {2009}
}

@inproceedings{Ma:2009fo,
author = {Ma, Hao and Lyu, Michael R and King, Irwin},
title = {{Proceedings of the third ACM conference on Recommender systems - RecSys '09}},
booktitle = {the third ACM conference},
year = {2009}
}

@inproceedings{Shardanand:1995uta,
author = {Shardanand, U},
title = {{Social information filtering: algorithms for automating ``word of mouth''}},
booktitle = {Proceedings of the SIGCHI conference on {\ldots}},
year = {1995}
}

@article{Tong:2002tq,
author = {Tong, S},
title = {{Support vector machine active learning with applications to text classification}},
journal = {The Journal of Machine Learning Research},
year = {2002}
}

@article{Tong:2001vw,
author = {Tong, S},
title = {{Active learning: theory and applications}},
year = {2001}
}

@article{Settles:tr,
author = {Settles, B},
title = {{From Theories to Queries: Active Learning in Practice}},
journal = {jmlr.csail.mit.edu}
}

@booklet{Sutton:1998vw,
title = {{Cambridge Journals Online - Fulltext - undefined}}
}

@webpage{Anonymous:WDSkzmkN
}

@inproceedings{Herlocker:1999wc,
author = {Herlocker, JL and Konstan, JA and Borchers, A},
title = {{An algorithmic framework for performing collaborative filtering}},
booktitle = {Proceedings of the 22nd {\ldots}},
year = {1999}
}

@article{Schafer:2007wh,
author = {Schafer, J and Frankowski, D and Herlocker, J},
title = {{Collaborative filtering recommender systems}},
journal = {The adaptive web},
year = {2007}
}

@inproceedings{Bridge:2007wba,
author = {Bridge, D},
title = {{Supporting product selection with query editing recommendations}},
booktitle = {Proceedings of the 2007 ACM conference on {\ldots}},
year = {2007}
}

